<?xml version="1.0" encoding="UTF-8"?>
<!DOCTYPE html PUBLIC "-//W3C//DTD XHTML 1.0 Transitional//EN"
    "http://www.w3.org/TR/xhtml1/DTD/xhtml1-transitional.dtd">
<html xmlns="http://www.w3.org/1999/xhtml" xml:lang="en" lang="en">
 <head>
  <title>
</title>
<meta http-equiv="Content-Type" content="text/html;charset=utf-8" />
  <meta name='ocr-system' content='tesseract 3.04.00' />
  <meta name='ocr-capabilities' content='ocr_page ocr_carea ocr_par ocr_line ocrx_word'/>
</head>
<body>
  <div class='ocr_page' id='page_1' title='image "appcatalogusnumo00budauoft_0169.png"; bbox 0 0 1552 2820; ppageno 0'>
   <div class='ocr_carea' id='block_1_1' title="bbox 474 127 894 182">
    <p class='ocr_par' dir='ltr' id='par_1_1' title="bbox 474 127 894 182">
     <span class='ocr_line' id='line_1_1' title="bbox 474 127 894 182; baseline -0.005 -21"><span class='ocrx_word' id='word_1_1' title='bbox 474 149 530 161; x_wconf 84' lang='lat'>—</span> <span class='ocrx_word' id='word_1_2' title='bbox 643 127 725 182; x_wconf 72' lang='lat'>165</span> <span class='ocrx_word' id='word_1_3' title='bbox 835 145 894 159; x_wconf 82' lang='grc'>.-</span> 
     </span>
    </p>
   </div>
   <div class='ocr_carea' id='block_1_2' title="bbox 0 204 1437 2718">
    <p class='ocr_par' dir='ltr' id='par_1_2' title="bbox 0 204 1437 2718">
     <span class='ocr_line' id='line_1_2' title="bbox 0 204 1372 293; baseline -0.009 -11"><span class='ocrx_word' id='word_1_4' title='bbox 0 243 44 282; x_wconf 71' lang='grc' dir='ltr'>ιτ</span> <span class='ocrx_word' id='word_1_5' title='bbox 70 223 365 287; x_wconf 79' lang='lat' dir='ltr'>statuendo,</span> <span class='ocrx_word' id='word_1_6' title='bbox 402 236 459 275; x_wconf 86' lang='lat' dir='ltr'>vt</span> <span class='ocrx_word' id='word_1_7' title='bbox 488 242 592 293; x_wconf 79' lang='lat' dir='ltr'>pro</span> <span class='ocrx_word' id='word_1_8' title='bbox 628 223 786 275; x_wconf 81' lang='lat' dir='ltr'>tribus</span> <span class='ocrx_word' id='word_1_9' title='bbox 821 204 1197 273; x_wconf 78' lang='lat' dir='ltr'>Viennensibus</span> <span class='ocrx_word' id='word_1_10' title='bbox 1236 236 1372 271; x_wconf 68' lang='lat' dir='ltr'>vnn·</span> 
     </span>
     <span class='ocr_line' id='line_1_3' title="bbox 0 301 1371 371; baseline -0.01 -8"><span class='ocrx_word' id='word_1_11' title='bbox 0 317 157 363; x_wconf 79' lang='lat' dir='ltr'>nouus</span> <span class='ocrx_word' id='word_1_12' title='bbox 188 310 437 360; x_wconf 79' lang='lat' dir='ltr'>Denarius</span> <span class='ocrx_word' id='word_1_13' title='bbox 473 306 716 357; x_wconf 82' lang='lat' dir='ltr'>Gamerae</span> <span class='ocrx_word' id='word_1_14' title='bbox 747 315 978 367; x_wconf 85' lang='lat' dir='ltr'>nostrae,</span> <span class='ocrx_word' id='word_1_15' title='bbox 1029 314 1079 353; x_wconf 91' lang='lat' dir='ltr'>et</span> <span class='ocrx_word' id='word_1_16' title='bbox 1113 320 1207 371; x_wconf 87' lang='lat' dir='ltr'>pro</span> <span class='ocrx_word' id='word_1_17' title='bbox 1245 301 1371 350; x_wconf 88' lang='lat' dir='ltr'>duo-</span> 
     </span>
     <span class='ocr_line' id='line_1_4' title="bbox 0 386 1373 458; baseline -0.01 -12"><span class='ocrx_word' id='word_1_18' title='bbox 0 396 98 447; x_wconf 79' lang='lat' dir='ltr'>hns</span> <span class='ocrx_word' id='word_1_19' title='bbox 141 395 361 458; x_wconf 77' lang='lat' dir='ltr'><strong>antiquis</strong></span> <span class='ocrx_word' id='word_1_20' title='bbox 409 389 686 440; x_wconf 84' lang='lat' dir='ltr'>Banalibus</span> <span class='ocrx_word' id='word_1_21' title='bbox 742 386 979 441; x_wconf 76' lang='lat' dir='ltr'>similiter</span> <span class='ocrx_word' id='word_1_22' title='bbox 1024 403 1155 435; x_wconf 87' lang='lat' dir='ltr'>vnus</span> <span class='ocrx_word' id='word_1_23' title='bbox 1208 399 1373 434; x_wconf 76' lang='lat' dir='ltr'>nouus</span> 
     </span>
     <span class='ocr_line' id='line_1_5' title="bbox 0 452 1372 540; baseline -0.007 -13"><span class='ocrx_word' id='word_1_24' title='bbox 0 477 279 531; x_wconf 78' lang='lat' dir='ltr'>Donatius,</span> <span class='ocrx_word' id='word_1_25' title='bbox 333 488 431 540; x_wconf 86' lang='lat' dir='ltr'>pro</span> <span class='ocrx_word' id='word_1_26' title='bbox 478 486 581 520; x_wconf 74' lang='lat' dir='ltr'>vno</span> <span class='ocrx_word' id='word_1_27' title='bbox 632 480 804 519; x_wconf 82' lang='lat' dir='ltr'>autem</span> <span class='ocrx_word' id='word_1_28' title='bbox 855 467 1047 517; x_wconf 81' lang='lat' dir='ltr'>Grosso</span> <span class='ocrx_word' id='word_1_29' title='bbox 1094 452 1372 517; x_wconf 74' lang='lat' dir='ltr'>boemicafi</span> 
     </span>
     <span class='ocr_line' id='line_1_6' title="bbox 0 523 1382 619; baseline -0.007 -13"><span class='ocrx_word' id='word_1_30' title='bbox 0 568 98 607; x_wconf 76' lang='lat' dir='ltr'>tres</span> <span class='ocrx_word' id='word_1_31' title='bbox 135 559 254 605; x_wconf 88' lang='lat' dir='ltr'>noui</span> <span class='ocrx_word' id='word_1_32' title='bbox 289 554 529 608; x_wconf 74' lang='lat' dir='ltr'>Deum-ii,</span> <span class='ocrx_word' id='word_1_33' title='bbox 564 567 659 619; x_wconf 83' lang='lat' dir='ltr'>pro</span> <span class='ocrx_word' id='word_1_34' title='bbox 693 561 908 616; x_wconf 81' lang='lat' dir='ltr'>argento</span> <span class='ocrx_word' id='word_1_35' title='bbox 943 565 1068 599; x_wconf 87' lang='lat' dir='ltr'>vero</span> <span class='ocrx_word' id='word_1_36' title='bbox 1100 563 1218 597; x_wconf 83' lang='lat' dir='ltr'>cum</span> <span class='ocrx_word' id='word_1_37' title='bbox 1246 523 1382 616; x_wconf 61' lang='lat' dir='ltr'>pon²</span> 
     </span>
     <span class='ocr_line' id='line_1_7' title="bbox 0 629 1374 695; baseline -0.007 -8"><span class='ocrx_word' id='word_1_38' title='bbox 0 635 122 687; x_wconf 79' lang='lat' dir='ltr'>dere</span> <span class='ocrx_word' id='word_1_39' title='bbox 156 633 381 686; x_wconf 83' lang='lat' dir='ltr'>Budensi</span> <span class='ocrx_word' id='word_1_40' title='bbox 417 632 483 682; x_wconf 87' lang='lat' dir='ltr'>ad</span> <span class='ocrx_word' id='word_1_41' title='bbox 520 649 674 683; x_wconf 87' lang='lat' dir='ltr'>vnam</span> <span class='ocrx_word' id='word_1_42' title='bbox 711 633 947 681; x_wconf 81' lang='lat' dir='ltr'>Marcam</span> <span class='ocrx_word' id='word_1_43' title='bbox 983 633 1207 695; x_wconf 85' lang='lat' dir='ltr'>quinque</span> <span class='ocrx_word' id='word_1_44' title='bbox 1245 629 1374 678; x_wconf 52' lang='grc' dir='ltr'>Ροῐι-7</span> 
     </span>
     <span class='ocr_line' id='line_1_8' title="bbox 0 711 1376 780; baseline -0.004 -15"><span class='ocrx_word' id='word_1_45' title='bbox 0 733 82 766; x_wconf 83' lang='lat' dir='ltr'>sae</span> <span class='ocrx_word' id='word_1_46' title='bbox 118 731 365 767; x_wconf 81' lang='lat' dir='ltr'>nouorum</span> <span class='ocrx_word' id='word_1_47' title='bbox 412 715 751 764; x_wconf 82' lang='lat' dir='ltr'>Denariorum</span> <span class='ocrx_word' id='word_1_48' title='bbox 801 712 866 762; x_wconf 89' lang='lat' dir='ltr'>ab</span> <span class='ocrx_word' id='word_1_49' title='bbox 917 715 1043 780; x_wconf 89' lang='lat' dir='ltr'>ipsis</span> <span class='ocrx_word' id='word_1_50' title='bbox 1090 711 1376 760; x_wconf 72' lang='lat' dir='ltr'><strong>comitibus</strong></span> 
     </span>
     <span class='ocr_line' id='line_1_9' title="bbox 0 793 1377 861; baseline -0.005 -12"><span class='ocrx_word' id='word_1_51' title='bbox 0 799 239 849; x_wconf 82' lang='lat' dir='ltr'>Gamerae</span> <span class='ocrx_word' id='word_1_52' title='bbox 279 795 480 846; x_wconf 83' lang='lat' dir='ltr'>nostrae</span> <span class='ocrx_word' id='word_1_53' title='bbox 512 795 844 844; x_wconf 83' lang='lat' dir='ltr'>cambiantur.</span> <span class='ocrx_word' id='word_1_54' title='bbox 917 794 1254 861; x_wconf 23' lang='lat' dir='ltr'>Quapropter*</span> <span class='ocrx_word' id='word_1_55' title='bbox 1291 793 1377 842; x_wconf 87' lang='lat' dir='ltr'>Fi-</span> 
     </span>
     <span class='ocr_line' id='line_1_10' title="bbox 0 878 1381 947; baseline -0.003 -21"><span class='ocrx_word' id='word_1_56' title='bbox 0 878 196 947; x_wconf 59' lang='lat' dir='ltr'>delitati</span> <span class='ocrx_word' id='word_1_57' title='bbox 249 878 460 926; x_wconf 73' lang='lat' dir='ltr'>Vestrae</span> <span class='ocrx_word' id='word_1_58' title='bbox 508 878 852 943; x_wconf 81' lang='lat' dir='ltr'>praecipimus</span> <span class='ocrx_word' id='word_1_59' title='bbox 903 892 998 941; x_wconf 81' lang='lat' dir='ltr'>per</span> <span class='ocrx_word' id='word_1_60' title='bbox 1051 885 1381 942; x_wconf 68' lang='lat' dir='ltr'>praesentes,</span> 
     </span>
     <span class='ocr_line' id='line_1_11' title="bbox 0 954 1385 1026; baseline -0.003 -18"><span class='ocrx_word' id='word_1_61' title='bbox 0 971 244 1026; x_wconf 83' lang='lat' dir='ltr'>quatenus</span> <span class='ocrx_word' id='word_1_62' title='bbox 264 995 281 1019; x_wconf 89' lang='lat'>‚</span> <span class='ocrx_word' id='word_1_63' title='bbox 314 956 436 1006; x_wconf 88' lang='lat' dir='ltr'>dum</span> <span class='ocrx_word' id='word_1_64' title='bbox 464 956 619 1006; x_wconf 86' lang='lat' dir='ltr'>iidem</span> <span class='ocrx_word' id='word_1_65' title='bbox 638 954 862 1006; x_wconf 81' lang='lat' dir='ltr'>Comites</span> <span class='ocrx_word' id='word_1_66' title='bbox 886 955 1126 1005; x_wconf 79' lang='lat' dir='ltr'>Gamerae</span> <span class='ocrx_word' id='word_1_67' title='bbox 1153 967 1385 1016; x_wconf 85' lang='lat' dir='ltr'>nostrae,</span> 
     </span>
     <span class='ocr_line' id='line_1_12' title="bbox 0 1035 1388 1104; baseline -0.004 -14"><span class='ocrx_word' id='word_1_68' title='bbox 0 1042 83 1090; x_wconf 83' lang='lat' dir='ltr'>vel</span> <span class='ocrx_word' id='word_1_69' title='bbox 109 1040 287 1104; x_wconf 88' lang='lat' dir='ltr'>aliquis</span> <span class='ocrx_word' id='word_1_70' title='bbox 313 1057 375 1087; x_wconf 85' lang='lat' dir='ltr'>ex</span> <span class='ocrx_word' id='word_1_71' title='bbox 403 1042 553 1104; x_wconf 83' lang='lat' dir='ltr'>ipsis,</span> <span class='ocrx_word' id='word_1_72' title='bbox 583 1054 671 1086; x_wconf 87' lang='lat' dir='ltr'>seu</span> <span class='ocrx_word' id='word_1_73' title='bbox 699 1035 964 1086; x_wconf 84' lang='lat' dir='ltr'>Officiales</span> <span class='ocrx_word' id='word_1_74' title='bbox 987 1041 1211 1104; x_wconf 84' lang='lat' dir='ltr'>ipsorum</span> <span class='ocrx_word' id='word_1_75' title='bbox 1239 1054 1388 1104; x_wconf 85' lang='lat' dir='ltr'>prae·</span> 
     </span>
     <span class='ocr_line' id='line_1_13' title="bbox 0 1117 1385 1185; baseline -0.004 -13"><span class='ocrx_word' id='word_1_76' title='bbox 0 1122 166 1172; x_wconf 82' lang='lat' dir='ltr'>dictos</span> <span class='ocrx_word' id='word_1_77' title='bbox 209 1137 372 1171; x_wconf 84' lang='lat' dir='ltr'>nouos</span> <span class='ocrx_word' id='word_1_78' title='bbox 411 1121 664 1184; x_wconf 75' lang='lat' dir='ltr'>Denarios</span> <span class='ocrx_word' id='word_1_79' title='bbox 703 1130 904 1168; x_wconf 81' lang='lat' dir='ltr'>nostros</span> <span class='ocrx_word' id='word_1_80' title='bbox 942 1122 997 1167; x_wconf 90' lang='lat' dir='ltr'>in</span> <span class='ocrx_word' id='word_1_81' title='bbox 1037 1117 1267 1167; x_wconf 84' lang='lat' dir='ltr'>medium</span> <span class='ocrx_word' id='word_1_82' title='bbox 1293 1134 1385 1185; x_wconf 85' lang='lat' dir='ltr'>po-</span> 
     </span>
     <span class='ocr_line' id='line_1_14' title="bbox 0 1201 1385 1273; baseline -0.004 -19"><span class='ocrx_word' id='word_1_83' title='bbox 0 1205 239 1273; x_wconf 76' lang='lat' dir='ltr'>pulorum</span> <span class='ocrx_word' id='word_1_84' title='bbox 282 1213 571 1251; x_wconf 67' lang='lat' dir='ltr'>vestrorum</span> <span class='ocrx_word' id='word_1_85' title='bbox 606 1201 799 1266; x_wconf 88' lang='lat' dir='ltr'>vbique</span> <span class='ocrx_word' id='word_1_86' title='bbox 835 1203 1165 1251; x_wconf 81' lang='lat' dir='ltr'>existentium</span> <span class='ocrx_word' id='word_1_87' title='bbox 1213 1211 1385 1268; x_wconf 81' lang='lat' dir='ltr'>porta-</span> 
     </span>
     <span class='ocr_line' id='line_1_15' title="bbox 0 1281 1386 1354; baseline -0.002 -19"><span class='ocrx_word' id='word_1_88' title='bbox 0 1289 201 1350; x_wconf 57' lang='grc' dir='ltr'>ιιι-τίειν,</span> <span class='ocrx_word' id='word_1_89' title='bbox 235 1301 331 1354; x_wconf 79' lang='lat' dir='ltr'>per</span> <span class='ocrx_word' id='word_1_90' title='bbox 365 1282 575 1334; x_wconf 82' lang='lat' dir='ltr'>eosdem</span> <span class='ocrx_word' id='word_1_91' title='bbox 612 1283 838 1352; x_wconf 89' lang='lat' dir='ltr'>populos</span> <span class='ocrx_word' id='word_1_92' title='bbox 872 1294 1070 1333; x_wconf 83' lang='lat' dir='ltr'>vestros</span> <span class='ocrx_word' id='word_1_93' title='bbox 1109 1281 1386 1350; x_wconf 69' lang='lat' dir='ltr'>diligenter</span> 
     </span>
     <span class='ocr_line' id='line_1_16' title="bbox 0 1365 1388 1434; baseline -0.003 -19"><span class='ocrx_word' id='word_1_94' title='bbox 0 1369 240 1434; x_wconf 46' lang='lat' dir='ltr'>suscipi,</span> <span class='ocrx_word' id='word_1_95' title='bbox 271 1365 550 1415; x_wconf 81' lang='lat' dir='ltr'>honorifice</span> <span class='ocrx_word' id='word_1_96' title='bbox 587 1369 875 1432; x_wconf 87' lang='lat' dir='ltr'>acceptari,</span> <span class='ocrx_word' id='word_1_97' title='bbox 933 1375 985 1414; x_wconf 90' lang='lat' dir='ltr'>et</span> <span class='ocrx_word' id='word_1_98' title='bbox 1021 1381 1092 1432; x_wconf 91' lang='lat' dir='ltr'>po</span> <span class='ocrx_word' id='word_1_99' title='bbox 1118 1391 1142 1402; x_wconf 92' lang='lat'>-</span> <span class='ocrx_word' id='word_1_100' title='bbox 1166 1393 1187 1405; x_wconf 88' lang='lat'>-</span> <span class='ocrx_word' id='word_1_101' title='bbox 1221 1391 1240 1399; x_wconf 93' lang='lat'><strong>·</strong></span> <span class='ocrx_word' id='word_1_102' title='bbox 1277 1379 1388 1413; x_wconf 84' lang='lat' dir='ltr'><strong>cur-</strong></span> 
     </span>
     <span class='ocr_line' id='line_1_17' title="bbox 0 1444 1385 1513; baseline -0.004 -16"><span class='ocrx_word' id='word_1_103' title='bbox 0 1461 155 1507; x_wconf 66' lang='lat' dir='ltr'>rere,</span> <span class='ocrx_word' id='word_1_104' title='bbox 204 1464 264 1496; x_wconf 88' lang='lat' dir='ltr'>ac</span> <span class='ocrx_word' id='word_1_105' title='bbox 316 1446 526 1495; x_wconf 75' lang='lat' dir='ltr'>cambii-i</span> <span class='ocrx_word' id='word_1_106' title='bbox 582 1445 766 1495; x_wconf 81' lang='lat' dir='ltr'>ordine</span> <span class='ocrx_word' id='word_1_107' title='bbox 818 1449 1143 1513; x_wconf 84' lang='lat' dir='ltr'>praescripto</span> <span class='ocrx_word' id='word_1_108' title='bbox 1190 1444 1385 1509; x_wconf 85' lang='lat' dir='ltr'>absque</span> 
     </span>
     <span class='ocr_line' id='line_1_18' title="bbox 0 1522 1428 1595; baseline -0.001 -21"><span class='ocrx_word' id='word_1_109' title='bbox 0 1529 331 1575; x_wconf 76' lang='lat' dir='ltr'>contentione</span> <span class='ocrx_word' id='word_1_110' title='bbox 366 1525 595 1582; x_wconf 83' lang='lat' dir='ltr'>faciatis,</span> <span class='ocrx_word' id='word_1_111' title='bbox 646 1537 699 1574; x_wconf 89' lang='lat' dir='ltr'>et</span> <span class='ocrx_word' id='word_1_112' title='bbox 745 1529 885 1595; x_wconf 85' lang='lat' dir='ltr'>ipsos</span> <span class='ocrx_word' id='word_1_113' title='bbox 936 1522 1182 1574; x_wconf 84' lang='lat' dir='ltr'>dimidios</span> <span class='ocrx_word' id='word_1_114' title='bbox 1231 1523 1428 1572; x_wconf 83' lang='lat' dir='ltr'>ferto-⁴</span> 
     </span>
     <span class='ocr_line' id='line_1_19' title="bbox 0 1606 1387 1674; baseline -0.004 -16"><span class='ocrx_word' id='word_1_115' title='bbox 0 1623 92 1658; x_wconf 85' lang='lat' dir='ltr'>nes</span> <span class='ocrx_word' id='word_1_116' title='bbox 138 1606 207 1656; x_wconf 82' lang='lat' dir='ltr'>do</span> <span class='ocrx_word' id='word_1_117' title='bbox 251 1607 461 1672; x_wconf 86' lang='lat' dir='ltr'>singulis</span> <span class='ocrx_word' id='word_1_118' title='bbox 514 1609 711 1674; x_wconf 80' lang='lat' dir='ltr'>portis.</span> <span class='ocrx_word' id='word_1_119' title='bbox 762 1618 816 1656; x_wconf 82' lang='lat' dir='ltr'>et</span> <span class='ocrx_word' id='word_1_120' title='bbox 865 1606 1212 1655; x_wconf 81' lang='lat' dir='ltr'>mansionibus</span> <span class='ocrx_word' id='word_1_121' title='bbox 1266 1621 1387 1653; x_wconf 87' lang='lat' dir='ltr'>cum</span> 
     </span>
     <span class='ocr_line' id='line_1_20' title="bbox 0 1680 1373 1754; baseline -0.003 -16"><span class='ocrx_word' id='word_1_122' title='bbox 0 1680 240 1754; x_wconf 51' lang='lat' dir='ltr'>argento,</span> <span class='ocrx_word' id='word_1_123' title='bbox 275 1690 362 1737; x_wconf 88' lang='lat' dir='ltr'>vel</span> <span class='ocrx_word' id='word_1_124' title='bbox 398 1689 632 1737; x_wconf 80' lang='lat' dir='ltr'>Denariis</span> <span class='ocrx_word' id='word_1_125' title='bbox 659 1686 726 1736; x_wconf 88' lang='lat' dir='ltr'>ad</span> <span class='ocrx_word' id='word_1_126' title='bbox 754 1687 985 1737; x_wconf 85' lang='lat' dir='ltr'>valorem</span> <span class='ocrx_word' id='word_1_127' title='bbox 1024 1689 1219 1752; x_wconf 84' lang='lat' dir='ltr'>argenti</span> <span class='ocrx_word' id='word_1_128' title='bbox 1248 1688 1373 1752; x_wconf 87' lang='lat' dir='ltr'>ipsis</span> 
     </span>
     <span class='ocr_line' id='line_1_21' title="bbox 0 1757 1386 1833; baseline -0.001 -14"><span class='ocrx_word' id='word_1_129' title='bbox 0 1757 283 1819; x_wconf 80' lang='lat' dir='ltr'>comitibus</span> <span class='ocrx_word' id='word_1_130' title='bbox 310 1768 555 1816; x_wconf 82' lang='lat' dir='ltr'>Gamerae</span> <span class='ocrx_word' id='word_1_131' title='bbox 580 1780 814 1828; x_wconf 83' lang='lat' dir='ltr'>nostrae,</span> <span class='ocrx_word' id='word_1_132' title='bbox 839 1770 929 1817; x_wconf 86' lang='lat' dir='ltr'>vel</span> <span class='ocrx_word' id='word_1_133' title='bbox 965 1768 1119 1816; x_wconf 87' lang='lat' dir='ltr'>alicui</span> <span class='ocrx_word' id='word_1_134' title='bbox 1146 1783 1211 1816; x_wconf 81' lang='lat' dir='ltr'>ex</span> <span class='ocrx_word' id='word_1_135' title='bbox 1238 1770 1386 1833; x_wconf 70' lang='lat' dir='ltr'>ipsis,</span> 
     </span>
     <span class='ocr_line' id='line_1_22' title="bbox 0 1847 1388 1917; baseline -0.003 -16"><span class='ocrx_word' id='word_1_136' title='bbox 0 1870 92 1911; x_wconf 79' lang='lat' dir='ltr'>seu</span> <span class='ocrx_word' id='word_1_137' title='bbox 128 1850 450 1900; x_wconf 80' lang='lat' dir='ltr'>officialibus</span> <span class='ocrx_word' id='word_1_138' title='bbox 479 1855 706 1916; x_wconf 86' lang='lat' dir='ltr'>ipsorum</span> <span class='ocrx_word' id='word_1_139' title='bbox 740 1848 807 1898; x_wconf 86' lang='lat' dir='ltr'>ad</span> <span class='ocrx_word' id='word_1_140' title='bbox 827 1849 929 1898; x_wconf 83' lang='lat' dir='ltr'>hoc</span> <span class='ocrx_word' id='word_1_141' title='bbox 957 1847 1212 1917; x_wconf 87' lang='lat' dir='ltr'>deputatis</span> <span class='ocrx_word' id='word_1_142' title='bbox 1238 1865 1388 1916; x_wconf 86' lang='lat' dir='ltr'>prae-</span> 
     </span>
     <span class='ocr_line' id='line_1_23' title="bbox 0 1926 1437 1998; baseline -0.006 -17"><span class='ocrx_word' id='word_1_143' title='bbox 0 1942 143 1982; x_wconf 77' lang='lat' dir='ltr'>sente</span> <span class='ocrx_word' id='word_1_144' title='bbox 172 1930 380 1979; x_wconf 87' lang='lat' dir='ltr'>homine</span> <span class='ocrx_word' id='word_1_145' title='bbox 407 1926 640 1996; x_wconf 63' lang='lat' dir='ltr'>Magi-{tri</span> <span class='ocrx_word' id='word_1_146' title='bbox 667 1929 877 1983; x_wconf 64' lang='lat' dir='ltr'>Nicolai,</span> <span class='ocrx_word' id='word_1_147' title='bbox 899 1929 1265 1998; x_wconf 82' lang='lat' dir='ltr'>dispensatoris</span> <span class='ocrx_word' id='word_1_148' title='bbox 1294 1945 1384 1976; x_wconf 90' lang='lat' dir='ltr'>no-</span> <span class='ocrx_word' id='word_1_149' title='bbox 1432 1970 1437 1972; x_wconf 78' lang='grc'>.</span> 
     </span>
     <span class='ocr_line' id='line_1_24' title="bbox 2 2010 1386 2076; baseline -0.004 -14"><span class='ocrx_word' id='word_1_150' title='bbox 2 2016 125 2070; x_wconf 82' lang='lat' dir='ltr'>stri,</span> <span class='ocrx_word' id='word_1_151' title='bbox 188 2028 340 2076; x_wconf 90' lang='lat' dir='ltr'>quem</span> <span class='ocrx_word' id='word_1_152' title='bbox 389 2010 546 2060; x_wconf 90' lang='lat' dir='ltr'>iidem</span> <span class='ocrx_word' id='word_1_153' title='bbox 600 2010 827 2060; x_wconf 82' lang='lat' dir='ltr'>Comites</span> <span class='ocrx_word' id='word_1_154' title='bbox 880 2010 1125 2060; x_wconf 79' lang='lat' dir='ltr'>Gamerae</span> <span class='ocrx_word' id='word_1_155' title='bbox 1185 2022 1386 2059; x_wconf 75' lang='lat' dir='ltr'>nostrae</span> 
     </span>
     <span class='ocr_line' id='line_1_25' title="bbox 7 2091 1384 2160; baseline -0.002 -18"><span class='ocrx_word' id='word_1_156' title='bbox 7 2095 83 2142; x_wconf 88' lang='lat' dir='ltr'>eis</span> <span class='ocrx_word' id='word_1_157' title='bbox 125 2110 221 2160; x_wconf 85' lang='lat' dir='ltr'>pro</span> <span class='ocrx_word' id='word_1_158' title='bbox 266 2093 416 2141; x_wconf 87' lang='lat' dir='ltr'>Socio</span> <span class='ocrx_word' id='word_1_159' title='bbox 465 2108 494 2140; x_wconf 89' lang='lat' dir='ltr'>a</span> <span class='ocrx_word' id='word_1_160' title='bbox 529 2091 690 2141; x_wconf 88' lang='lat' dir='ltr'>Nobis</span> <span class='ocrx_word' id='word_1_161' title='bbox 738 2095 1030 2158; x_wconf 81' lang='lat' dir='ltr'>petierunt,</span> <span class='ocrx_word' id='word_1_162' title='bbox 1078 2109 1140 2140; x_wconf 81' lang='lat' dir='ltr'>ex</span> <span class='ocrx_word' id='word_1_163' title='bbox 1186 2096 1384 2157; x_wconf 84' lang='lat' dir='ltr'>integro</span> 
     </span>
     <span class='ocr_line' id='line_1_26' title="bbox 0 2171 1383 2240; baseline -0.001 -18"><span class='ocrx_word' id='word_1_164' title='bbox 0 2172 168 2232; x_wconf 68' lang='lat' dir='ltr'>dari.-</span> <span class='ocrx_word' id='word_1_165' title='bbox 206 2183 257 2222; x_wconf 90' lang='lat' dir='ltr'>et</span> <span class='ocrx_word' id='word_1_166' title='bbox 290 2173 445 2240; x_wconf 89' lang='lat' dir='ltr'>plene</span> <span class='ocrx_word' id='word_1_167' title='bbox 479 2172 705 2240; x_wconf 77' lang='lat' dir='ltr'>pei-solui</span> <span class='ocrx_word' id='word_1_168' title='bbox 740 2172 922 2221; x_wconf 51' lang='lat' dir='ltr'>facere*</span> <span class='ocrx_word' id='word_1_169' title='bbox 945 2172 1202 2234; x_wconf 86' lang='lat' dir='ltr'>debeatis,</span> <span class='ocrx_word' id='word_1_170' title='bbox 1243 2171 1383 2221; x_wconf 83' lang='lat' dir='ltr'>aliud</span> 
     </span>
     <span class='ocr_line' id='line_1_27' title="bbox 4 2251 1384 2320; baseline -0.001 -16"><span class='ocrx_word' id='word_1_171' title='bbox 4 2272 121 2309; x_wconf 69' lang='lat' dir='ltr'>non.</span> <span class='ocrx_word' id='word_1_172' title='bbox 154 2254 369 2312; x_wconf 84' lang='lat' dir='ltr'>facturi,</span> <span class='ocrx_word' id='word_1_173' title='bbox 418 2255 639 2320; x_wconf 74' lang='lat' dir='ltr'>alioquin</span> <span class='ocrx_word' id='word_1_174' title='bbox 691 2254 967 2315; x_wconf 65' lang='lat' dir='ltr'>damnum,</span> <span class='ocrx_word' id='word_1_175' title='bbox 1035 2258 1076 2305; x_wconf 88' lang='lat' dir='ltr'>si</span> <span class='ocrx_word' id='word_1_176' title='bbox 1111 2254 1248 2320; x_wconf 89' lang='lat' dir='ltr'>quod</span> <span class='ocrx_word' id='word_1_177' title='bbox 1289 2251 1384 2303; x_wconf 86' lang='lat' dir='ltr'>Ca·</span> 
     </span>
     <span class='ocr_line' id='line_1_28' title="bbox 5 2336 1383 2403; baseline -0.002 -19"><span class='ocrx_word' id='word_1_178' title='bbox 5 2351 147 2384; x_wconf 85' lang='lat' dir='ltr'>mera</span> <span class='ocrx_word' id='word_1_179' title='bbox 178 2347 350 2384; x_wconf 87' lang='lat' dir='ltr'>nostra</span> <span class='ocrx_word' id='word_1_180' title='bbox 384 2349 444 2383; x_wconf 83' lang='lat' dir='ltr'>ex</span> <span class='ocrx_word' id='word_1_181' title='bbox 465 2346 607 2402; x_wconf 81' lang='lat' dir='ltr'>parte</span> <span class='ocrx_word' id='word_1_182' title='bbox 628 2336 939 2403; x_wconf 81' lang='lat' dir='ltr'>populorum</span> <span class='ocrx_word' id='word_1_183' title='bbox 978 2347 1265 2385; x_wconf 85' lang='lat' dir='ltr'>vestrorum</span> <span class='ocrx_word' id='word_1_184' title='bbox 1295 2349 1383 2403; x_wconf 82' lang='lat' dir='ltr'>pa-</span> 
     </span>
     <span class='ocr_line' id='line_1_29' title="bbox 5 2416 1381 2483; baseline -0.001 -18"><span class='ocrx_word' id='word_1_185' title='bbox 5 2421 187 2475; x_wconf 80' lang='lat' dir='ltr'>tietur,</span> <span class='ocrx_word' id='word_1_186' title='bbox 230 2434 326 2483; x_wconf 77' lang='lat' dir='ltr'>per</span> <span class='ocrx_word' id='word_1_187' title='bbox 359 2416 570 2464; x_wconf 81' lang='lat' dir='ltr'>eosdem</span> <span class='ocrx_word' id='word_1_188' title='bbox 606 2417 829 2483; x_wconf 87' lang='lat' dir='ltr'>populos</span> <span class='ocrx_word' id='word_1_189' title='bbox 863 2427 1061 2464; x_wconf 84' lang='lat' dir='ltr'>vestros</span> <span class='ocrx_word' id='word_1_190' title='bbox 1098 2433 1211 2469; x_wconf 82' lang='lat' dir='ltr'>eum</span> <span class='ocrx_word' id='word_1_191' title='bbox 1248 2419 1381 2482; x_wconf 86' lang='lat' dir='ltr'>ipso-</span> 
     </span>
     <span class='ocr_line' id='line_1_30' title="bbox 5 2495 1382 2557; baseline -0.001 -14"><span class='ocrx_word' id='word_1_192' title='bbox 5 2510 120 2543; x_wconf 83' lang='lat' dir='ltr'>rum</span> <span class='ocrx_word' id='word_1_193' title='bbox 154 2499 442 2557; x_wconf 77' lang='lat' dir='ltr'>grauamine</span> <span class='ocrx_word' id='word_1_194' title='bbox 483 2499 747 2544; x_wconf 81' lang='lat' dir='ltr'>restaurari</span> <span class='ocrx_word' id='word_1_195' title='bbox 782 2495 1040 2544; x_wconf 82' lang='lat' dir='ltr'>faciemus.</span> <span class='ocrx_word' id='word_1_196' title='bbox 1107 2495 1295 2543; x_wconf 81' lang='lat' dir='ltr'>Datum</span> <span class='ocrx_word' id='word_1_197' title='bbox 1329 2497 1382 2542; x_wconf 84' lang='lat' dir='ltr'>in</span> 
     </span>
     <span class='ocr_line' id='line_1_31' title="bbox 7 2572 1376 2646; baseline 0.001 -25"><span class='ocrx_word' id='word_1_198' title='bbox 7 2572 295 2624; x_wconf 76' lang='lat' dir='ltr'>Temesvar</span> <span class='ocrx_word' id='word_1_199' title='bbox 336 2578 573 2630; x_wconf 70' lang='lat' dir='ltr'>in,Festo</span> <span class='ocrx_word' id='word_1_200' title='bbox 611 2576 926 2646; x_wconf 86' lang='lat' dir='ltr'>Epiphaniae</span> <span class='ocrx_word' id='word_1_201' title='bbox 962 2576 1172 2626; x_wconf 90' lang='lat' dir='ltr'>Domini</span> <span class='ocrx_word' id='word_1_202' title='bbox 1223 2576 1376 2624; x_wconf 81' lang='lat' dir='ltr'>Anno</span> 
     </span>
     <span class='ocr_line' id='line_1_32' title="bbox 9 2652 427 2718; baseline 0.012 -15"><span class='ocrx_word' id='word_1_203' title='bbox 9 2652 239 2709; x_wconf 77' lang='lat' dir='ltr'>eiusdem</span> <span class='ocrx_word' id='word_1_204' title='bbox 285 2670 427 2718; x_wconf 83' lang='lat'>1323.</span> 
     </span>
    </p>
   </div>
  </div>
 </body>
</html>
