1552 2820
612 95 669 108 *—
778 83 836 123 28
937 95 1002 117 -ν-

331 181 335 183 *
386 176 642 238 Nro.15
665 175 932 228 indicatus
962 179 1015 228 in
1041 174 1248 247 Scrinia
1284 179 1413 231 Nm.
1441 195 1495 244 7

301 265 305 275 “
384 259 436 309 b.
471 270 546 308 est
588 257 929 325 quaerendus.

112 343 241 409 fag.
293 349 402 408 189.
441 341 568 391 Nro.
627 358 670 393 2.
723 342 952 392 adfertur
999 342 1196 396 Numus
1243 350 1493 398 coronati-

386 425 527 479 onali
579 425 872 493 Hungarico
915 427 1005 477 sub
1046 429 1169 479 Ννο.
1218 447 1261 480 1.
1304 427 1492 481 descri-

385 519 477 575 pto
526 509 740 569 similis,
799 508 890 560 sed
936 513 1139 577 minor,
1195 517 1280 578 qui
1321 524 1494 564 tamen

378 593 432 640 in
463 589 784 641 Collectione
811 608 916 641 non
941 603 1108 666 ⁴extat3
1139 611 1322 658 verum
1347 610 1493 664 prae-

386 682 466 725 sto
516 681 594 724 'est
641 674 822 724 similis
866 674 1274 726 coronationalis
1320 675 1495 732 iBohe-

384 755 506 805 mici
545 754 638 803 sub
663 755 791 803 Ννο.
825 774 873 816 4.
910 754 1168 824 descripti.
1210 757 1327 806 Eius
1359 759 1494 807 Bar-s

382 837 598 882 aduersa
617 850 638 881 .·
668 835 870 885 Corona
901 837 1183 887 Bohemiae
1209 841 1337 887 intra
1363 835 1494 894 duos

378 913 589 963 Palmae
638 934 840 976 ramos,
875 918 1006 968 infra
1040 919 1171 969 hanc
1209 919 1404 972 Littera
1434 919 1495 969 F.

379 998 511 1046 circa
550 1012 702 1060 quam
749 1000 890 1050 1646.
926 1000 1144 1049 Inferius
1175 1002 1266 1051 IV.
1306 1000 1360 1051 id
1392 1012 1491 1050 est:

377 1075 723 1128 Ferdinandus
771 1078 880 1125 IV.
935 1097 1105 1130 rursus
1172 1086 1304 1131 intra
1363 1081 1493 1131 duos

378 1154 585 1207 Palmae
627 1175 813 1215 ramos
856 1163 994 1209 Auer
969 1181 1080 1209 rzsa
1122 1163 1494 1217 ARCHIDVX

375 1238 730 1299 AVSTRIAE
762 1240 1117 1306 CORONAT.
1148 1245 1221 1294 ΙΝ
1249 1245 1493 1318 REGEM

373 1319 761 1385 BOHEMIAE
786 1321 1000 1391 Argent.
1032 1330 1156 1379 min
1171 1324 1333 1378 snud-

98 1407 231 1468 Bag.
268 1418 375 1468 190
407 1402 565 1471 Apud
595 1388 1039 1461 LEOPOLDVM
1064 1409 1112 1458 Ι.
1137 1407 1264 1456 Ννο.
1308 1423 1349 1463 1.
1389 1407 1491 1458 duo

133 1498 328 1553 et19r.
378 1485 536 1537 Numi
586 1487 910 1546 adducuntur
971 1489 1037 1540 de
1092 1489 1333 1557 homagio
1389 1489 1495 1539 Au-

373 1581 553 1636 striae‚
620 1576 770 1640 adest
816 1589 990 1627 autem
1056 1576 1299 1655 duqtaxat
1343 1594 1491 1629 vnus,

378 1659 593 1719 Contra-
641 1676 767 1715 vero
827 1658 957 1712 Nm.
1016 1674 1240 1721 5.-vnus
1293 1673 1491 1714 tantum

380 1739 645 1803 adfertur,
682 1757 839 1808 quum
866 1752 1038 1791 tamen
1068 1740 1169 1808 dup
1189 1742 1491 1794 habeantur.

377 1821 535 1872 Numi
580 1839 684 1871 non
727 1826 864 1872 citati
907 1824 1037 1871 Pars
1086 1826 1282 1889 antica:
1333 1825 1493 1875 LEO-

371 1904 655 1966 POLDVS
724 1898 1144 1955 HVNGARIAE
1215 1906 1357 1956 REX
1418 1906 1492 1955 IN

368 1985 621 2049 REGEM
653 1986 1021 2054 BOHEMIAE
1065 1987 1490 2044 CORONATVS

383 2085 461 2126 14.
522 2068 868 2119 SEPTEMB.
940 2070 1080 2130 1656.
1144 2072 1305 2136 Supra
1358 2068 1489 2118 hanc

375 2146 741 2217 Epigraphen:
800 2149 1004 2203 Corona
1050 2149 1330 2199 Bohemiae
1360 2155 1490 2202 inter

374 2228 505 2282 duos
544 2230 752 2278 Palmae
787 2245 966 2285 ramos
1041 2229 1280 2278 Posteca:
1301 2220 1489 2283 CON-

379 2310 560 2359 SILIO
597 2308 695 2360 ET
721 2294 1122 2361 INDVSTRIA.
1183 2296 1373 2366 Oculus
1398 2311 1487 2360 Di

377 2393 527 2441 ulnae
575 2390 964 2454 Prouidentiffae
1016 2404 1066 2440 et
1113 2384 1332 2442 Humana
1380 2390 1482 2440 duo

375 2470 595 2523 Brachia
642 2491 704 2523 ex
746 2474 1063 2525 circumfusis
1111 2475 1329 2523 nubibus
1363 2492 1483 2541 por-

371 2565 539 2618 recta,
586 2575 745 2610 vnum
782 2557 950 2621 Ense,
1001 2559 1228 2610 alterum*
1267 2543 1479 2625 Sceptro
