1552 2820
576 71 632 84 ....
747 62 825 107 199
933 71 990 84 .-

98 159 234 200 strae
265 147 515 201 cunetae
549 150 727 215 ingens
762 125 1009 209 damnum
1058 144 1319 212 sufferret.
1356 149 1472 197 toti-

94 247 198 297 que
228 230 441 298 Regno,
496 241 545 280 et
576 229 873 297 Regnicolis
910 233 1095 291 nostris
1130 228 1229 279 hoc
1266 228 1471 295 cederet

92 315 149 363 in
180 310 442 374 dedecus,
480 323 531 362 et
553 309 864 378 derogamen
898 309 1052 362 valde
1083 309 1309 360 euidens.
1364 311 1470 360 Vn·

13 445 15 449 ,
92 394 160 445 de
197 413 294 447 nos
329 396 460 447 hane
492 395 790 446 abusionem
834 399 1056 445 susionis
1092 395 1335 444 falsorum
1368 395 1470 444 De·

38 539 44 548 ¹
91 481 353 527 uariorum
374 489 689 544 nequaquam
717 482 771 531 in
798 477 898 532 hoc
927 477 1107 544 Regno
1134 488 1307 530 nostro
1332 477 1471 531 Hun-

0 541 10 589 Ῑ
89 561 264 624 gariae
314 560 532 609 velimus
586 564 703 627 pati.
774 558 898 609 Ideo
933 576 1028 609 nos
1063 586 1130 595 --
1163 586 1229 594 —
1265 585 1331 594 —
1378 574 1470 606 ve·

88 632 254 692 §trum
281 639 528 692 fidelifate
555 653 660 692 tam
698 645 749 692 in
782 642 1011 719 generali
1030 683 1048 700 ,
1081 658 1236 708 quam
1273 644 1324 690 in
1354 657 1468 707 spe.-

88 723 209 772 ciali
258 725 545 774 firmissime
592 727 970 792 praecipimus,
1033 735 1083 773 et
1129 723 1466 783 mandamus,

2 798 9 832 ’ἕ
84 816 338 870 quatenus
369 823 490 856 mox
524 806 874 874 praesentibus
909 809 1171 874 acceptis,
1209 809 1344 877 omui
1384 821 1468 855 cu·

86 901 181 943 ra.
244 899 296 936 et
358 887 625 954 diligentia
661 887 844 936 modos
889 893 1136 944 teneatis,
1196 901 1245 937 et
1300 887 1465 935 taliter

85 983 183 1018 vos
218 970 272 1017 in
307 966 597 1018 huiusmodi
644 968 921 1018 voluntatis
956 982 1158 1018 nostrae
1196 967 1466 1037 perfectio-

0 1103 11 1111 *
86 1064 155 1099 ne
192 1053 409 1115 geratis,
456 1048 598 1114 quod
647 1066 676 1098 a
712 1047 871 1118 modo
910 1053 1242 1119 imposterum
1292 1066 1464 1097 cursus

84 1129 348 1180 talismodi
398 1130 554 1180 falsae
604 1124 843 1182 monetae
893 1136 1104 1180 omnino
1166 1132 1465 1192 aboleatur,

84 1222 282 1284 cesset,
320 1223 371 1262 et
407 1229 512 1262 non
551 1214 673 1281 flat,
725 1214 950 1283 alioquin
987 1231 1164 1263 omnes
1189 1214 1346 1271 tales,
1377 1220 1464 1280 qui

82 1294 142 1343 in
224 1293 519 1344 huiusmodi
583 1295 740 1345 falsae
799 1307 1073 1353 monetae,
1147 1300 1351 1344 cusione
1382 1302 1466 1348 ,in

0 1378 1 1383 ’
83 1380 270 1429 vestris
305 1379 746 1444 possessionibus,
793 1395 858 1446 ao
902 1381 1121 1451 tenutis,
1170 1390 1220 1426 et
1262 1377 1468 1439 honori·

80 1456 209 1517 bus,
248 1474 340 1508 seu
374 1462 532 1527 v9stri
561 1462 615 1519 in
649 1458 825 1530 medio
862 1449 1239 1515 commorantes
1275 1463 1380 1516 rei,
1416 1469 1467 1507 et

83 1542 309 1597 conscii,
370 1523 759 1606 culpabilesque
801 1539 1003 1620 forent,
1069 1558 1245 1595 omnes
1297 1557 1466 1607 poena

55 1618 345 1688 „condigna
377 1620 518 1670 feriri
544 1621 816 1677 volumus,
851 1634 902 1671 et
939 1621 1113 1673 debita
1150 1623 1342 1673 vltione
1373 1637 1468 1688 pu-

12 1752 19 1758 ,
82 1702 198 1750 niri-
276 1700 605 1767 Quapropter
639 1718 731 1749 vos
770 1701 1046 1751 commodo
1092 1701 1210 1750 huic
1244 1702 1378 1750 facto
1414 1720 1467 1750 o·

82 1797 267 1849 peram
294 1809 363 1816 —-
397 1809 463 1817 —
496 1808 565 1818 —-
590 1809 658 1818 —
694 1783 877 1832 talibus
915 1784 1155 1836 falsarum
1189 1783 1468 1835 videamini

85 1861 337 1912 adhiberi.
407 1863 484 1912 Ex
535 1880 637 1928 quo
685 1863 895 1913 tandem
955 1868 1190 1930 vigorem
1245 1868 1465 1914 iustitiae

83 1945 257 1994 taliter
290 1948 344 1999 in
380 1963 557 1996 omnes
605 1959 714 1996 tum
764 1954 901 2015 ipsos
946 1947 1302 2004 fabricatores,
1355 1962 1464 1998 tum

80 2028 136 2075 in
171 2042 293 2087 eos,
351 2029 403 2075 in
439 2028 658 2092 quorum
695 2029 1096 2096 possessionibus
1148 2034 1341 2078 inuenti
1389 2030 1465 2079 fu-

83 2110 240 2160 erint,
291 2112 565 2164 mansisse,
616 2121 666 2159 et
701 2110 801 2160 hoc
838 2111 1047 2170 fecisse,
1095 2110 1428 2184 extendemus
1446 2116 1473 2170 ,’

6 2202 9 2204 ·
82 2186 227 2251 quod
263 2193 418 2238 etiam
461 2190 545 2239 alii
599 2206 663 2239 eo
723 2190 966 2245 audaciae
1018 2193 1178 2259 ,lapsis
1227 2191 1466 2252 omnibus

80 2271 310 2320 terribile
344 2275 399 2320 in
437 2273 762 2340 exemplum,
816 2274 881 2322 de
917 2292 1018 2339 quo
1058 2272 1279 2330 tandem)
1307 2288 1461 2334 nemo

84 2351 232 2400 nobis
274 2356 464 2419 poterit
498 2357 782 2421 imputare,
840 2367 891 2404 et
940 2354 1039 2403 hoc
1084 2355 1321 2409 volumus
1370 2370 1464 2421 per

83 2446 375 2499 praesentes
426 2453 519 2484 vos
569 2440 713 2485 scire·
784 2439 974 2486 Datum
1020 2435 1290 2501 in,Thata
1344 2416 1467 2483 ferid

85 2517 492 2589 'sextassproxima
528 2530 641 2569 ante
689 2520 1017 2575 Dominicam
1066 2521 1234 2573 Ramis
1271 2518 1462 2584 palma·
