1552 2820
592 50 649 64 ...
760 39 843 83 244
956 57 1013 69 ..-

105 131 359 197 priuatum
398 130 595 179 lucrum
638 147 765 198 prae
823 131 986 181 oculis
1043 129 1219 191 haberi
1266 131 1493 205 debere,

107 214 370 275 magisque
401 227 614 277 paruam
656 228 826 260 rerum
857 217 1102 264 iacturam
1132 213 1292 279 ferre,
1333 236 1487 284 quam

106 291 281 340 debita
335 292 521 340 auxilia
564 296 617 341 in
657 297 1103 344 conseruationem
1142 298 1283 348 istius
1322 298 1488 366 Regni

106 376 269 422 nostri
327 377 611 422 necessaria
665 372 975 440 posthaberi.
1050 375 1295 427 Consulto
1339 384 1493 448 igitur

47 502 56 512 ,
113 452 379 503 decretum
423 466 533 519 est,
587 455 867 520 quemlibet
923 460 974 505 in
1017 455 1116 508 hoc
1157 456 1340 526 Regno
1384 472 1495 511 tum

106 540 272 586 aureis
310 538 550 595 florenis,
600 550 708 587 tum
750 555 874 587 vero
921 544 1141 590 monetis
1192 540 1492 610 hungarica-

106 619 273 677 libus,
334 620 574 669 simulet
619 623 922 687 germanicis
977 625 1030 671 in
1087 628 1255 690 pretio
1315 634 1485 675 rerunt

105 705 335 749 omnium
378 702 667 761 venalium,
710 712 760 751 et
804 704 1147 768 emmim-um,
1195 723 1253 754 ac
1290 710 1488 756 victua·

105 781 231 830 lium
269 797 471 845 quoque
523 780 682 829 modo
748 781 1101 834 ordinationis
1144 797 1378 849 nostrae,
1429 783 1489 839 a'c

103 865 464 912 vniuersorum
530 863 904 920 Domitiorum,
979 881 1040 914 ac
1088 865 1491 934 Regnicolarum

52 975 65 995 ,-,
104 956 433 1003 nostrorum,
481 957 531 995 et
566 962 762 1014 poena,
818 949 871 996 in
909 945 1102 998 scheda
1137 951 1490 1018 praesentibus

102 1027 346 1086 inclusa,
382 1030 586 1094 posita,
622 1042 652 1075 a
681 1025 839 1076 modo
878 1026 1125 1096 deinceps
1166 1028 1296 1080 infra
1329 1029 1484 1080 aliam

105 1108 530 1158 deliberationem
596 1121 823 1159 nostram
879 1115 954 1160 vti
1016 1111 1222 1162 debere.
1289 1111 1480 1181 ‘Quare

101 1193 367 1248 volumus,
405 1204 455 1242 et
490 1191 752 1242 Fide-litati
788 1194 1000 1244 Vestrae
1028 1197 1315 1245 firmissime
1352 1212 1489 1245 com-

102 1278 386 1331 mittimus,
444 1286 495 1324 et
545 1274 883 1337 mandamus,
942 1288 1001 1326 vt
1035 1275 1324 1326 huiusmodi
1360 1277 1491 1327 ordi-

101 1360 364 1406 nationem
413 1356 480 1406 ad
519 1357 748 1406 Domum
779 1357 1029 1409 Praetorii
1056 1361 1212 1408 vestri
1244 1355 1484 1425 affigere,

104 1450 156 1485 et
206 1440 522 1504 proclamari
568 1437 736 1486 facere
779 1437 1040 1495 debeatis,
1089 1451 1140 1489 et
1177 1443 1487 1497 teneamini,

100 1529 158 1568 vt
195 1517 408 1582 quilibet
445 1515 688 1582 deinceps
723 1520 860 1565 iuxta
901 1519 1292 1568 ordinationem
1342 1537 1490 1586 prae·

104 1601 350 1666 scriptam
391 1597 482 1646 sub
517 1613 686 1664 poena
723 1595 916 1646 ibidem
974 1615 1215 1666 expressa
1270 1598 1487 1660 habere,

107 1694 159 1731 et
198 1685 304 1742 ita,
355 1691 414 1730 vt
455 1677 795 1729 deliberatum
845 1690 955 1733 est,
1007 1683 1082 1729 vti
1118 1680 1219 1730 illis
1270 1679 1491 1738 debeat,

106 1775 257 1828 atque
320 1773 564 1813 teneatur.
652 1762 954 1829 scripsimus
1001 1766 1139 1812 enim
1186 1762 1252 1812 ad
1304 1780 1483 1815 omnes

106 1845 375 1894 Nobilium
405 1844 712 1911 Comitatus,
757 1856 808 1894 et
844 1844 1000 1913 Sedes
1036 1845 1304 1911 Siculicas‚
1342 1849 1488 1897 alias-

120 1942 219 1989 que
267 1924 423 1974 Sedes
465 1936 665 1975 nostras
707 1925 1070 1987 Saxona—ales,
1121 1937 1178 1975 vt
1212 1929 1309 1994 ipsi
1365 1944 1490 1993 quo·

106 2024 204 2071 que
242 2006 435 2057 ibidem
474 2007 641 2057 facere
677 2006 917 2057 debeant.
988 2009 1142 2057 Secus
1176 2011 1491 2077 igitursspoe-

107 2106 175 2138 na
216 2091 306 2138 sub
348 2094 623 2158 praemissa
660 2091 802 2139 nulla
838 2093 1033 2139 ratione
1070 2089 1239 2138 facere
1285 2107 1492 2157 praesu-

109 2176 275 2222 matis.
359 2174 550 2222 Datum
609 2175 662 2221 in
726 2171 942 2221 Ciuitate
1002 2181 1172 2220 nostra
1227 2170 1496 2227 Coloswar

110 2255 257 2303 Feria
309 2256 373 2306 ΙΙ.
426 2259 661 2323 proxima
714 2266 832 2323 post
892 2255 1095 2304 Festum
1157 2254 1488 2304 Exaltationis

103 2338 329 2385 Sanctae
367 2339 542 2386 Crucis
578 2341 730 2387 Anno
767 2335 976 2385 Domini
1022 2335 1297 2384 millesimo
1345 2341 1492 2400 quin-

112 2421 396 2483 gentesimo
464 2422 721 2470 tricesimo
783 2429 979 2469 octauo.
1068 2419 1281 2469 Ioannes
1351 2417 1479 2471 Rex.

113 2516 182 2548 m.
217 2518 275 2569 p.
308 2550 313 2554 ,
