1552 2820
571 52 577 55 -
658 91 717 108 ι·-
836 73 918 122 164
1019 79 1130 108 wh'

180 185 285 226 tem
342 172 612 223 moliorem
662 171 855 223 bonam
905 188 1091 222 nouam
1131 172 1394 224 Monetam
1449 188 1552 242 per·

180 269 339 327 petuo
380 253 702 311 durabilem,
752 265 802 303 et
845 270 941 321 per
980 264 1146 315 totum
1196 255 1430 320 Regnum
1470 270 1552 303 no·

180 351 341 389 strum
373 333 964 401 vbique'discurrendam
992 333 1228 384 fabricari
1257 334 1552 392 faceremus,

178 431 230 470 et
278 430 334 468 vt
371 417 468 467 hoc
507 415 942 475 concederemus,
978 414 1133 466 iidem
1178 415 1432 481 praelati,
1465 417 1552 466 Ba-

178 515 361 558 rones,
400 511 455 549 et.
474 497 687 549 Nobiles
726 497 891 564 Regni
923 501 1081 548 nostri
1109 497 1174 547 de
1200 500 1408 567 singulis
1438 499 1552 548 Por-

178 586 242 632 tis
279 584 653 648 Iobagyionum
691 596 929 639 suorum,
986 591 1034 628 et
1079 582 1293 630 aliorum
1331 583 1552 631 omnium

177 664 491 733 populorum
521 665 573 711 in
606 660 788 728 Regno
815 651 990 709 nost‘ro
1020 664 1338 711 existentium
1359 699 1374 720 ‚
1411 661 1552 710 nullo

179 749 384 813 penitus
424 754 657 799 exemto,
729 740 976 791 videlicet
1019 752 1123 790 tam
1162 746 1214 790 in
1260 742 1552 792 ciuitatibus

176 829 364 886 etiam,
414 839 568 893 quam
623 827 674 872 in
712 820 932 889 oppidis
971 826 1356 872 constitutorum
1393 829 1552 890 singu-

174 907 257 957 los
312 904 554 954 dimidios
602 905 840 951 Fertones
881 920 1012 953 cum*
1046 903 1299 979 Argento·
1331 906 1417 955 vel
1455 907 1552 956 D'e-

175 989 333 1038 nariis
374 989 511 1035 iuxta
554 986 786 1035 valorem
830 985 1041 1052 Argenti
1086 983 1185 1034 hoe
1225 1002 1357 1050 annp
1411 987 1552 1038 nobis

179 1069 290 1117 dari
307 1094 326 1124 ,·
348 1077 396 1115 et
427 1066 656 1134 persolui
691 1065 984 1115 ordinantes
1018 1078 1377 1118 assumserunt.
1449 1067 1552 1116 Vn-

178 1149 243 1199 de
282 1165 371 1198 nos
410 1151 550 1196 iustis
579 1148 912 1214 petitionibus
958 1147 1261 1198 eorumdem
1285 1149 1552 1198 »Praelata-

174 1249 287 1281 rum
309 1266 324 1288 ‚
377 1229 671 1290 Baronum‚
709 1238 759 1276 et
792 1227 1058 1276 Nobilium
1093 1227 1260 1295 Regni
1295 1233 1454 1280 nostri
1482 1233 1552 1279 in-

178 1313 381 1370 clinati,
438 1321 496 1359 vt
531 1320 862 1370 teneremur,
901 1307 1152 1357 'Came-ras
1189 1322 1415 1370 nostras,
1465 1326 1552 1360 seu

175 1394 490 1443 Comitatum
538 1390 785 1441 Gamerae
832 1406 927 1459 per
974 1399 1138 1440 totum
1184 1391 1422 1462 Regnum
1467 1408 1552 1443 no-

178 1488 341 1524 strum
375 1474 634 1523 Comitum
660 1475 804 1540 Heys
826 1515 842 1538 ‚
878 1473 1122 1523 Ladislao
1153 1473 1292 1541 dicto
1325 1475 1552 1535 Gurhes.

175 1555 412 1605 Emerico
477 1553 883 1609 fratri.Domini
937 1555 1182 1622 Episcopi
1231 1554 1552 1613 Vaffidiensis

176 1638 328 1688 Petro
366 1637 504 1687 dicto
543 1633 845 1700 penideret,
882 1634 1056 1685 Iasreh
1091 1635 1332 1702 fidelibus
1371 1643 1552 1690 nostris

177 1723 328 1773 simul
365 1738 482 1770 cum
517 1717 795 1787 praedictis
829 1716 1057 1769 dimidiis
1094 1718 1397 1770 Fertonibus
1432 1738 1552 1771 ven-

176 1804 433 1857 didimus,
472 1796 520 1850 et
564 1800 881 1864 loquauimus
909 1800 1072 1853 bonos
1100 1812 1259 1851 nouos
1283 1801 1552 1868 Demi-ios,

175 1887 374 1936 scilicet
412 1893 624 1932 octauae
674 1884 924 1930 coctionis
970 1899 1064 1950 per
1112 1893 1274 1932 totum
1319 1874 1552 1952 Regnum

174 1959 403 2018 nostrum'
449 1963 522 2017 ,ad
560 1963 762 2032 pondus
799 1966 1139 2015 Denariorum
1178 1967 1433 2017 banalium
1471 1971 1552 2018 ank

135 2056 459 2116 ,tiquorum,
487 2064 611 2113 quos
639 2047 921 2115 Stephanus
941 2048 1199 2113 quondam
1227 2048 1399 2098 Banus
1427 2060 1552 2100 tem-

171 2151 301 2201 pore
354 2134 565 2180 Domini
615 2131 772 2180 Belae
820 2130 972 2196 Regis
1008 2156 1076 2166 —·
1106 2145 1552 2178 -——-ssum·--

105 2259 109 2266 ,
176 2239 322 2248 —--
345 2240 412 2248 --
448 2212 613 2260 bonae
658 2209 1027 2260 recordationis
1059 2208 1178 2259 cudi
1211 2209 1429 2261 fecerat,
1460 2228 1552 2278 per

178 2293 386 2341 eosdem
437 2292 661 2342 Comites
706 2290 1040 2340 camerarum
1090 2302 1375 2340 nostrarum
1408 2308 1552 2357 prae-

181 2374 451 2440 cipiendo,
491 2385 540 2422 et
574 2371 941 2423 committendo
972 2369 1329 2434 fabricandos,
1366 2386 1424 2420 ac
1454 2388 1548 2438 per

174 2467 340 2506 totum
386 2446 623 2517 Regnum
660 2467 887 2503 nostrum
922 2454 1109 2518 absque
1137 2439 1550 2502 'contradictione

180 2537 386 2603 aliquali
422 2549 667 2605 perpetuo
705 2535 1100 2608 discurrendos‘,
1137 2531 1549 2600 ordinandoque,
