1552 2820
648 69 705 81 ...
814 58 839 89 >1
846 49 900 99 86
1009 60 1067 84 ..a

169 157 469 209 teneantur,
507 147 759 216 Magistro
792 166 919 200 vero
949 149 1250 219 Agasonum
1281 152 1552 218 Ciuitates,

82 243 93 257 >
170 243 265 292 per
300 243 423 291 quas
468 240 732 286 nostram,
779 246 868 279 seu
910 233 1197 300 reginalem
1229 234 1552 286 Maiestatem

171 311 389 356 transire
459 314 803 377 contingerit,
874 312 1013 367 illius
1072 313 1315 364 ciuitatis*
1363 317 1552 367 scilice!

174 391 395 439 artifices
439 393 710 443 cuiuslibet
754 400 982 462 generis,
1019 406 1204 466 vtputa
1237 411 1414 445 omnes
1447 396 1552 444 Pel·

180 470 344 520 lifices
384 490 547 522 vnum
592 475 895 539 pellicium,
929 490 981 528 et
1019 495 1199 528 omnes
1253 477 1552 530 Frenatores

171 571 333 603 vnum
384 556 607 607 Frenum
640 595 654 617 ,
718 570 769 608 et
811 563 879 609 sic
924 560 989 611 de
1033 562 1244 630 singulis
1287 576 1391 610 vna
1436 564 1552 611 vice

167 633 412 687 duntaxat
468 642 519 688 in
579 657 714 692 anno
785 642 1201 711 quandocunque
1262 644 1371 695 Nos
1434 642 1552 693 inde

163 723 380 768 transire
424 718 741 787 contigerit‚'
780 736 830 773 et
867 740 972 774 non
1012 724 1157 778 alteri
1191 723 1349 790 dare,
1389 735 1437 773 et
1467 722 1552 772 ad-

162 801 450 849 ministrare
490 813 792 865 teneantur,
847 803 1031 855 demtis
1073 804 1433 856 tantummodo
1476 804 1552 854 Ci-

161 881 433 940 uitatibus‚
471 900 600 947 quae
634 883 700 933 ad
741 890 1024 953 praemissa
1066 905 1130 937 ex
1167 891 1372 953 antiqua
1417 887 1552 937 Con-

163 961 431 1013 suetudine
478 966 770 1016 nullatenus
810 969 1114 1036 obligantur.
1187 969 1382 1020 Ceteris
1427 987 1552 1020 vero

166 1043 491 1095 officialibus
553 1061 657 1098 tam
717 1056 933 1109 nostris,
998 1069 1150 1117 quam
1208 1053 1552 1122 reginalibusa

161 1124 410 1176 videlicet
467 1128 866 1196 Pinea-narum,
926 1139 977 1182 e't
1022 1133 1388 1200 Dapiferorum
1438 1136 1552 1182 Ma-

162 1210 364 1275 gistris,
442 1210 935 1280 Dispensatoribus,
1001 1215 1305 1278 Hostiariis‚
1371 1216 1552 1270 Cocis.

160 1306 220 1338 ac
259 1292 373 1342 aliis
420 1295 807 1362 quibuscunque
849 1297 974 1347 nihil
1014 1300 1218 1365 penitus
1259 1297 1414 1363 dare,
1464 1315 1552 1350 seu

163 1373 368 1422 soluere
397 1385 701 1438 teneantur„
756 1380 1117 1447 Disposuimus
1148 1383 1303 1430 etiam
1339 1379 1404 1430 de
1442 1399 1552 1449 mo·

161 1453 260 1513 do,
314 1466 362 1503 et
405 1458 778 1507 consuetudine
815 1462 878 1508 ab
914 1465 1123 1525 antiquo
1163 1463 1330 1512 solitis
1374 1463 1552 1511 obser-

160 1551 318 1587 uare.
369 1535 511 1601 quod
554 1538 802 1600 praelati,
857 1543 1166 1606 etdvquipiam
1212 1543 1324 1590 Viri
1368 1543 1548 1592 Eccle-

161 1621 348 1685 siastici
385 1617 575 1668 Causas
613 1620 806 1686 aliquas
843 1624 973 1669 inter
1001 1620 1312 1688 Regnicolas
1346 1635 1548 1672 nostros

158 1686 332 1750 motas
365 1699 692 1768 a'modoque
735 1714 783 1752 et
828 1707 1060 1752 inantea
1098 1704 1548 1770 qualitercunque,

161 1795 211 1831 et
255 1785 550 1852 vbicunque
587 1785 907 1851 monendas,
945 1805 998 1835 es
1037 1791 1325 1845 suscitatas,
1363 1801 1545 1856 vtputa

121 1862 417 1934 „judicium
468 1867 741 1916 Saeculare
779 1878 1147 1917 concernentes
1184 1866 1445 1930 iudicare,
1497 1881 1548 1918 et

163 1943 375 1994 definire
412 1948 623 1996 minime
659 1948 888 2009 valeant,
941 1965 1104 2014 neque
1151 1953 1378 2017 possint,
1433 1963 1546 2000 et‘e

165 2043 416 2076 conuerso
466 2029 726 2091 Ramnes,
779 2029 1005 2080 Comites
1044 2030 1460 2087 prouinciarum,
1498 2043 1547 2081 et

164 2110 250 2159 alii
288 2110 451 2177 Regni
490 2116 650 2163 nostri
702 2112 947 2172 Nobiles,
997 2111 1276 2176 Ciuesq'ue‚
1337 2124 1388 2162 et
1444 2114 1546 2163 Ho-

162 2195 318 2258 spites
364 2211 538 2242 causas
576 2195 798 2260 aliquas,
850 2197 1024 2253 Lites,
1077 2211 1162 2245 seu
1202 2196 1541 2262 Quaestiones

160 2276 351 2326 Forum
394 2277 639 2327 videlicet
683 2267 1098 2328 Ecclesiasticum
1147 2289 1409 2343 tangentes
1446 2278 1542 2326 dis-

164 2369 368 2420 emere,
415 2371 464 2407 et
499 2358 725 2415 iudicare
763 2377 867 2408 non
906 2359 1160 2418 debeant,
1196 2375 1359 2422 neque
1394 2375 1541 2426 prae·

87 2500 90 2504 Ι
165 2451 393 2491 sumant:
429 2446 521 2491 etsi
559 2447 694 2492 inter
728 2446 864 2511 ipsos
897 2442 1051 2493 Viros
1078 2444 1448 2512 ecclesiasticos
1474 2443 1538 2490 ab

160 2537 303 2584 vna,
347 2532 496 2587 parte
544 2540 670 2574 vero
708 2541 771 2574 ex
804 2525 963 2575 altera
1010 2523 1206 2575 Iudices
1254 2525 1539 2573 saeculares
