1552 2820
516 127 572 140 ⁸-
686 117 764 163 ¹83
876 127 934 141 ι.-

33 201 139 256 iuis
178 207 363 255 nostris
391 203 603 254 Ciuibus
642 203 969 262 contribuere
1003 214 1289 255 teneantur.
1363 205 1416 258 Si

29 302 159 350 vere
185 303 284 355 per
310 287 451 348 Nos,
492 287 577 338 vel
607 298 811 337 nostros
849 287 1181 339 Successores
1216 289 1419 354 aliquos

30 368 185 420 Ciues
214 381 418 438 nestros
447 367 720 428 libertate,
756 379 808 418 et
834 381 1065 420 exemto:
1097 370 1268 419 facere
1298 386 1420 420 con-

28 454 293 517 tingeret,
340 462 460 501 tunc
485 461 536 500 et
566 467 637 508 ,eo
675 466 796 500 casu
831 448 973 512 Nos,
1013 463 1063 501 et
1098 454 1261 501 nostri
1297 452 1419 501 Suc-

31 548 259 582 cessores
305 530 557 602 praedicti
607 532 931 599 quidcunque
990 536 1088 601 ipsi
1150 533 1303 584 Ciues
1360 534 1419 582 li·

29 613 221 663 bertati
264 612 338 664 ad·
371 613 621 665 collectas
665 614 869 664 soluere
921 614 1200 672 deberent,
1248 613 1303 664 id
1350 614 1418 665 de

29 695 424 746 communitatis
459 708 703 764 computo
739 695 1051 747 defalcando
1085 696 1152 746 ad
1189 708 1417 746 nostram

27 786 325 834 teneamur,
378 790 429 827 ct
480 776 782 828 debebimus
846 764 1080 846 recipere
1119 780 1415 827 'rationem.

28 857 158 907 Item
197 857 319 908 licet
359 859 512 908 Ciues
541 860 803 911 Budenses
843 864 974 910 inter
1010 872 1203 909 ceteras
1235 876 1417 908 eorum

28 939 322 989 Libertates
361 942 452 991 tali
500 943 763 993 Libertate
806 960 903 1010 per
951 946 1152 991 n‘ostros
1202 941 1416 990 Praede·

29 1038 257 1072 cessores
297 1026 419 1091 ipsis
474 1026 692 1091 largita,
744 1042 806 1074 ae
844 1041 940 1092 per
986 1023 1097 1073 Nos
1147 1025 1415 1073 confirma-

29 1113 114 1163 ta,
159 1102 311 1164 freti,
362 1117 413 1155 et
452 1109 531 1156 vsi
569 1106 669 1155 huc
714 1122 876 1172 vsque
912 1102 1308 1172 dignoscantur,
1358 1118 1417 1154 vt

30 1196 190 1254 puta,
236 1197 295 1236 vt
329 1203 544 1252 omnes,
592 1201 644 1238 et
679 1189 865 1256 singuli
902 1198 1011 1237 tam
1061 1187 1414 1254 Regnicolae,

13 1267 184 1334 *quam
226 1275 453 1321 extranei
496 1273 818 1322 Mercatores
853 1274 1152 1327 vniuersas,
1189 1281 1240 1319 et
1270 1285 1419 1336 quas·

25 1351 155 1401 libet
189 1368 269 1401 res
306 1354 748 1415 mercimoniales,
800 1369 860 1403 ac
908 1355 1044 1403 bona
1078 1352 1333 1408 venalia,-
1364 1361 1416 1400 et

26 1434 414 1484 commutabilia
464 1447 569 1484 tam
602 1433 999 1493 descendendO,
1052 1452 1207 1501 quam
1242 1450 1417 1484 ascen-

31 1511 208 1563 dendo
248 1516 301 1564 in
337 1519 567 1583 ipsorum
611 1517 815 1573 Cinium
845 1516 1185 1570 ,Budensium
1237 1514 1413 1566 medio

22 1591 324 1662 deponere,
399 1607 450 1646 et
511 1596 771 1666 depositas
842 1589 968 1648 inibi
1034 1598 1294 1650 vendere.
1363 1609 1415 1646 et

27 1689 376 1736 commutare,
456 1678 644 1728 abinde
703 1679 989 1730 nullatenus
1055 1679 1180 1728 alias
1253 1677 1415 1727 abdu-

26 1773 178 1820 cere,
229 1773 394 1822 neque
441 1758 699 1826 deportari
746 1759 915 1807 facere
963 1758 1290 1824 debuissent,
1362 1770 1414 1810 et

27 1838 242 1888 fuissent
284 1844 481 1897 asueti,
533 1854 743 1901 tamen,
782 1844 900 1906 quia
944 1858 1112 1900 nunc,
1147 1840 1283 1890 facta
1321 1858 1413 1907 ge·

22 1923 188 1971 nerali
220 1922 662 1990 Congregaione,
725 1924 1069 1988 quarumlibet
1106 1923 1407 1981 ciuitatum,

26 2002 356 2070 Oppidorum
376 2042 392 2063 ,
432 2021 491 2053 ac
518 2004 795 2052 liberarum
820 2004 1078 2053 villarum
1116 2011 1408 2055 nostrarum
1436 2070 1438 2072 Ι

27 2083 310 2150 regalium,
357 2084 534 2133 habito
573 2083 847 2151 superinde
895 2086 1144 2146 consilio,
1203 2091 1406 2147 visum,

26 2175 80 2213 et
125 2166 413 2215 consultum
462 2171 658 2227 extitit,
710 2179 764 2217 vt
794 2185 891 2236 pro
934 2169 1173 2235 ampliori
1211 2169 1406 2220 fructu·

29 2249 241 2303 usitate,
290 2258 339 2295 et
383 2248 608 2298 vberiori
641 2260 807 2308 statu,
858 2266 1010 2314 quam
1047 2261 1099 2298 et
1137 2255 1402 2303 communi

27 2326 180 2376 Bono
216 2328 413 2394 Regni,
462 2345 511 2379 et
547 2331 980 2397 Regnicolarum‚
1030 2348 1091 2381 ac
1127 2338 1403 2401 praecipue

26 2405 261 2468 Cinium,
299 2418 348 2457 et
372 2409 720 2461 Mercatorum
741 2422 1164 2473 memoratorum,
1193 2431 1259 2462 ne
1287 2432 1405 2480 pro-

30 2496 144 2552 pter
184 2502 538 2553 augmentum,
590 2503 640 2540 et
672 2493 942 2540 militatem
976 2496 1123 2543 vnius
1171 2494 1399 2543 Ciuitatis

30 2577 136 2617 tota
185 2567 369 2636 Regni-
398 2576 563 2622 nostri
614 2572 970 2626 Communitas
1004 2574 1298 2634 damnum,
1350 2588 1400 2625 et
