<?xml version="1.0" encoding="UTF-8"?>
<!DOCTYPE html PUBLIC "-//W3C//DTD XHTML 1.0 Transitional//EN"
    "http://www.w3.org/TR/xhtml1/DTD/xhtml1-transitional.dtd">
<html xmlns="http://www.w3.org/1999/xhtml" xml:lang="en" lang="en">
 <head>
  <title>
</title>
<meta http-equiv="Content-Type" content="text/html;charset=utf-8" />
  <meta name='ocr-system' content='tesseract 3.04.00' />
  <meta name='ocr-capabilities' content='ocr_page ocr_carea ocr_par ocr_line ocrx_word'/>
</head>
<body>
  <div class='ocr_page' id='page_1' title='image "appcatalogusnumo00budauoft_0207.png"; bbox 0 0 1552 2820; ppageno 0'>
   <div class='ocr_carea' id='block_1_1' title="bbox 142 1082 1521 1292">
    <p class='ocr_par' dir='ltr' id='par_1_1' title="bbox 142 1082 1521 1292">
     <span class='ocr_line' id='line_1_1' title="bbox 142 1082 1519 1148; baseline -0.009 -13"><span class='ocrx_word' id='word_1_1' title='bbox 142 1100 269 1148; x_wconf 69' lang='lat'><strong>1430.</strong></span> <span class='ocrx_word' id='word_1_2' title='bbox 301 1085 700 1133; x_wconf 71' lang='lat' dir='ltr'>SIGISMVNDVS</span> <span class='ocrx_word' id='word_1_3' title='bbox 729 1084 1010 1142; x_wconf 70' lang='lat' dir='ltr'>praeteribit</span> <span class='ocrx_word' id='word_1_4' title='bbox 1028 1082 1381 1125; x_wconf 76' lang='lat' dir='ltr'>Posoniensibus</span> <span class='ocrx_word' id='word_1_5' title='bbox 1409 1096 1519 1137; x_wconf 80' lang='lat' dir='ltr'>pon·</span> 
     </span>
     <span class='ocr_line' id='line_1_2' title="bbox 298 1155 1519 1211; baseline -0.008 -10"><span class='ocrx_word' id='word_1_6' title='bbox 298 1161 412 1211; x_wconf 76' lang='lat' dir='ltr'>dus,</span> <span class='ocrx_word' id='word_1_7' title='bbox 456 1159 696 1203; x_wconf 72' lang='lat' dir='ltr'>valorem,</span> <span class='ocrx_word' id='word_1_8' title='bbox 752 1166 798 1197; x_wconf 86' lang='lat' dir='ltr'>et</span> <span class='ocrx_word' id='word_1_9' title='bbox 843 1158 1033 1197; x_wconf 80' lang='lat' dir='ltr'>formam</span> <span class='ocrx_word' id='word_1_10' title='bbox 1075 1155 1263 1194; x_wconf 78' lang='lat' dir='ltr'>minoris</span> <span class='ocrx_word' id='word_1_11' title='bbox 1307 1161 1519 1192; x_wconf 83' lang='lat' dir='ltr'>monetae</span> 
     </span>
     <span class='ocr_line' id='line_1_3' title="bbox 305 1222 1521 1292; baseline -0.007 -20"><span class='ocrx_word' id='word_1_12' title='bbox 305 1229 533 1292; x_wconf 73' lang='lat' dir='ltr'>Quarting</span> <span class='ocrx_word' id='word_1_13' title='bbox 562 1239 664 1267; x_wconf 89' lang='lat' dir='ltr'>cnm</span> <span class='ocrx_word' id='word_1_14' title='bbox 695 1227 815 1280; x_wconf 82' lang='lat' dir='ltr'>iure,</span> <span class='ocrx_word' id='word_1_15' title='bbox 845 1235 888 1266; x_wconf 91' lang='lat' dir='ltr'>et</span> <span class='ocrx_word' id='word_1_16' title='bbox 917 1224 1056 1266; x_wconf 89' lang='lat' dir='ltr'>modo</span> <span class='ocrx_word' id='word_1_17' title='bbox 1090 1223 1282 1263; x_wconf 85' lang='lat' dir='ltr'>eandem</span> <span class='ocrx_word' id='word_1_18' title='bbox 1311 1222 1521 1263; x_wconf 81' lang='lat' dir='ltr'>cudendi.</span> 
     </span>
    </p>
   </div>
   <div class='ocr_carea' id='block_1_2' title="bbox 138 1426 1533 2652">
    <p class='ocr_par' dir='ltr' id='par_1_2' title="bbox 138 1426 1533 2652">
     <span class='ocr_line' id='line_1_4' title="bbox 346 1426 1525 1483; baseline -0.007 0"><span class='ocrx_word' id='word_1_19' title='bbox 346 1433 458 1483; x_wconf 80' lang='lat' dir='ltr'>Nos</span> <span class='ocrx_word' id='word_1_20' title='bbox 511 1429 981 1481; x_wconf 78' lang='lat' dir='ltr'>SIGISMVNDVS</span> <span class='ocrx_word' id='word_1_21' title='bbox 1046 1429 1144 1478; x_wconf 89' lang='lat' dir='ltr'>Dei</span> <span class='ocrx_word' id='word_1_22' title='bbox 1194 1427 1376 1477; x_wconf 79' lang='lat' dir='ltr'>Gratia</span> <span class='ocrx_word' id='word_1_23' title='bbox 1422 1426 1525 1476; x_wconf 86' lang='lat' dir='ltr'>Ro-</span> 
     </span>
     <span class='ocr_line' id='line_1_5' title="bbox 139 1510 1529 1580; baseline -0.006 -16"><span class='ocrx_word' id='word_1_24' title='bbox 139 1531 412 1564; x_wconf 87' lang='lat' dir='ltr'>manorum</span> <span class='ocrx_word' id='word_1_25' title='bbox 435 1515 560 1563; x_wconf 77' lang='lat' dir='ltr'>‘Rex</span> <span class='ocrx_word' id='word_1_26' title='bbox 602 1529 806 1580; x_wconf 81' lang='lat' dir='ltr'>semper</span> <span class='ocrx_word' id='word_1_27' title='bbox 853 1513 1146 1579; x_wconf 80' lang='lat' dir='ltr'>Augustus,</span> <span class='ocrx_word' id='word_1_28' title='bbox 1212 1527 1272 1559; x_wconf 87' lang='lat' dir='ltr'>ac</span> <span class='ocrx_word' id='word_1_29' title='bbox 1319 1510 1529 1574; x_wconf 84' lang='lat' dir='ltr'>Hunga·</span> 
     </span>
     <span class='ocr_line' id='line_1_6' title="bbox 138 1594 1526 1657; baseline -0.005 -9"><span class='ocrx_word' id='word_1_30' title='bbox 138 1603 281 1656; x_wconf 82' lang='lat' dir='ltr'>riae,</span> <span class='ocrx_word' id='word_1_31' title='bbox 346 1598 656 1655; x_wconf 84' lang='lat' dir='ltr'>Bohemiac,</span> <span class='ocrx_word' id='word_1_32' title='bbox 725 1596 1046 1653; x_wconf 82' lang='lat' dir='ltr'>Dalmatiae,</span> <span class='ocrx_word' id='word_1_33' title='bbox 1108 1594 1376 1657; x_wconf 65' lang='lat' dir='ltr'>Croniae,</span> <span class='ocrx_word' id='word_1_34' title='bbox 1427 1604 1526 1642; x_wconf 88' lang='lat' dir='ltr'>etc.</span> 
     </span>
     <span class='ocr_line' id='line_1_7' title="bbox 138 1671 1528 1731; baseline -0.004 0.007"><span class='ocrx_word' id='word_1_35' title='bbox 138 1671 255 1731; x_wconf 75' lang='lat' dir='ltr'>Rex</span> <span class='ocrx_word' id='word_1_36' title='bbox 293 1685 570 1731; x_wconf 82' lang='lat' dir='ltr'>memoriae</span> <span class='ocrx_word' id='word_1_37' title='bbox 610 1679 1033 1728; x_wconf 85' lang='lat' dir='ltr'>commendamus</span> <span class='ocrx_word' id='word_1_38' title='bbox 1069 1689 1247 1726; x_wconf 85' lang='lat' dir='ltr'>tenore</span> <span class='ocrx_word' id='word_1_39' title='bbox 1284 1678 1528 1726; x_wconf 76' lang='lat' dir='ltr'>Praesen·</span> 
     </span>
     <span class='ocr_line' id='line_1_8' title="bbox 151 1751 1527 1827; baseline -0.006 -16"><span class='ocrx_word' id='word_1_40' title='bbox 151 1765 281 1811; x_wconf 88' lang='lat' dir='ltr'>tium</span> <span class='ocrx_word' id='word_1_41' title='bbox 316 1751 688 1827; x_wconf 75' lang='lat' dir='ltr'>significanteS,</span> <span class='ocrx_word' id='word_1_42' title='bbox 740 1759 919 1823; x_wconf 83' lang='lat' dir='ltr'>quibus</span> <span class='ocrx_word' id='word_1_43' title='bbox 975 1757 1219 1826; x_wconf 77' lang='lat' dir='ltr'>expedit,</span> <span class='ocrx_word' id='word_1_44' title='bbox 1255 1759 1527 1808; x_wconf 83' lang='lat' dir='ltr'>vniuersis</span> 
     </span>
     <span class='ocr_line' id='line_1_9' title="bbox 145 1836 1527 1911; baseline -0.004 -19"><span class='ocrx_word' id='word_1_45' title='bbox 145 1836 304 1911; x_wconf 82' lang='lat' dir='ltr'>Quod</span> <span class='ocrx_word' id='word_1_46' title='bbox 340 1861 431 1892; x_wconf 88' lang='lat' dir='ltr'>nos</span> <span class='ocrx_word' id='word_1_47' title='bbox 468 1843 716 1892; x_wconf 83' lang='lat' dir='ltr'>habentes</span> <span class='ocrx_word' id='word_1_48' title='bbox 753 1841 985 1890; x_wconf 85' lang='lat' dir='ltr'>debitum</span> <span class='ocrx_word' id='word_1_49' title='bbox 1026 1851 1316 1910; x_wconf 77' lang='lat' dir='ltr'>respectum</span> <span class='ocrx_word' id='word_1_50' title='bbox 1365 1837 1433 1887; x_wconf 89' lang='lat' dir='ltr'>ad</span> <span class='ocrx_word' id='word_1_51' title='bbox 1471 1840 1527 1887; x_wconf 86' lang='lat' dir='ltr'>fi·</span> 
     </span>
     <span class='ocr_line' id='line_1_10' title="bbox 150 1921 1528 1987; baseline -0.002 -14"><span class='ocrx_word' id='word_1_52' title='bbox 150 1923 236 1974; x_wconf 87' lang='lat' dir='ltr'>dei</span> <span class='ocrx_word' id='word_1_53' title='bbox 294 1926 624 1987; x_wconf 78' lang='lat' dir='ltr'>firmitatem,</span> <span class='ocrx_word' id='word_1_54' title='bbox 688 1935 738 1973; x_wconf 88' lang='lat' dir='ltr'>et</span> <span class='ocrx_word' id='word_1_55' title='bbox 790 1934 1107 1973; x_wconf 84' lang='lat' dir='ltr'>constantem</span> <span class='ocrx_word' id='word_1_56' title='bbox 1173 1921 1528 1980; x_wconf 59' lang='lat' dir='ltr'>fluiditatem,</span> 
     </span>
     <span class='ocr_line' id='line_1_11' title="bbox 146 2003 1530 2073; baseline -0.001 -19"><span class='ocrx_word' id='word_1_57' title='bbox 146 2022 489 2073; x_wconf 86' lang='lat' dir='ltr'>sagacemque</span> <span class='ocrx_word' id='word_1_58' title='bbox 523 2008 965 2068; x_wconf 78' lang='lat' dir='ltr'>procurationem,</span> <span class='ocrx_word' id='word_1_59' title='bbox 1002 2021 1061 2052; x_wconf 92' lang='lat' dir='ltr'>ac</span> <span class='ocrx_word' id='word_1_60' title='bbox 1096 2003 1431 2070; x_wconf 83' lang='lat' dir='ltr'>diligentem,</span> <span class='ocrx_word' id='word_1_61' title='bbox 1478 2013 1530 2052; x_wconf 84' lang='lat' dir='ltr'>et</span> 
     </span>
     <span class='ocr_line' id='line_1_12' title="bbox 156 2082 1531 2137; baseline -0.001 -1"><span class='ocrx_word' id='word_1_62' title='bbox 156 2085 412 2136; x_wconf 81' lang='lat' dir='ltr'>assiduam</span> <span class='ocrx_word' id='word_1_63' title='bbox 479 2082 878 2135; x_wconf 86' lang='lat' dir='ltr'>sollicitudinem</span> <span class='ocrx_word' id='word_1_64' title='bbox 940 2085 1171 2135; x_wconf 75' lang='lat' dir='ltr'>fidelium</span> <span class='ocrx_word' id='word_1_65' title='bbox 1236 2095 1531 2137; x_wconf 86' lang='lat' dir='ltr'>nostrorum</span> 
     </span>
     <span class='ocr_line' id='line_1_13' title="bbox 145 2161 1530 2234; baseline -0.001 -17"><span class='ocrx_word' id='word_1_66' title='bbox 145 2168 484 2230; x_wconf 81' lang='lat' dir='ltr'>dilectorum,</span> <span class='ocrx_word' id='word_1_67' title='bbox 529 2165 899 2234; x_wconf 84' lang='lat' dir='ltr'>prouiderum‚</span> <span class='ocrx_word' id='word_1_68' title='bbox 951 2179 1000 2216; x_wconf 90' lang='lat' dir='ltr'>et</span> <span class='ocrx_word' id='word_1_69' title='bbox 1034 2161 1530 2232; x_wconf 78' lang='lat' dir='ltr'>circumspectorum</span> 
     </span>
     <span class='ocr_line' id='line_1_14' title="bbox 146 2234 1532 2309; baseline 0 -12"><span class='ocrx_word' id='word_1_70' title='bbox 146 2247 378 2307; x_wconf 83' lang='lat' dir='ltr'>Iudicis,</span> <span class='ocrx_word' id='word_1_71' title='bbox 414 2248 732 2309; x_wconf 73' lang='lat' dir='ltr'>lui-amram,</span> <span class='ocrx_word' id='word_1_72' title='bbox 768 2266 827 2298; x_wconf 89' lang='lat' dir='ltr'>ac</span> <span class='ocrx_word' id='word_1_73' title='bbox 871 2260 1160 2297; x_wconf 84' lang='lat' dir='ltr'>ceterorum</span> <span class='ocrx_word' id='word_1_74' title='bbox 1193 2234 1394 2309; x_wconf 77' lang='lat' dir='ltr'>Ciuium</span> <span class='ocrx_word' id='word_1_75' title='bbox 1440 2247 1532 2298; x_wconf 86' lang='lat' dir='ltr'>hu·</span> 
     </span>
     <span class='ocr_line' id='line_1_15' title="bbox 147 2315 1531 2398; baseline 0.001 -19"><span class='ocrx_word' id='word_1_76' title='bbox 147 2333 227 2379; x_wconf 83' lang='lat' dir='ltr'>ius</span> <span class='ocrx_word' id='word_1_77' title='bbox 266 2342 468 2378; x_wconf 87' lang='lat' dir='ltr'>nostrae</span> <span class='ocrx_word' id='word_1_78' title='bbox 503 2328 730 2379; x_wconf 87' lang='lat' dir='ltr'>Ciuitatis</span> <span class='ocrx_word' id='word_1_79' title='bbox 768 2315 1126 2396; x_wconf 48' lang='lat' dir='ltr'>Pos&#39;onjensiS,</span> <span class='ocrx_word' id='word_1_80' title='bbox 1174 2348 1300 2398; x_wconf 77' lang='lat' dir='ltr'>quos</span> <span class='ocrx_word' id='word_1_81' title='bbox 1337 2335 1388 2380; x_wconf 89' lang='lat' dir='ltr'>in</span> <span class='ocrx_word' id='word_1_82' title='bbox 1422 2350 1531 2380; x_wconf 89' lang='lat' dir='ltr'>om-</span> 
     </span>
     <span class='ocr_line' id='line_1_16' title="bbox 152 2402 1533 2480; baseline 0.001 -20"><span class='ocrx_word' id='word_1_83' title='bbox 152 2411 300 2460; x_wconf 89' lang='lat' dir='ltr'>nibus</span> <span class='ocrx_word' id='word_1_84' title='bbox 353 2414 535 2460; x_wconf 89' lang='lat' dir='ltr'>nostris</span> <span class='ocrx_word' id='word_1_85' title='bbox 585 2412 870 2477; x_wconf 78' lang='lat' dir='ltr'>obsequiis,</span> <span class='ocrx_word' id='word_1_86' title='bbox 921 2416 1172 2478; x_wconf 80' lang='lat' dir='ltr'>negotiis,</span> <span class='ocrx_word' id='word_1_87' title='bbox 1217 2425 1270 2462; x_wconf 85' lang='lat' dir='ltr'>et</span> <span class='ocrx_word' id='word_1_88' title='bbox 1325 2402 1533 2480; x_wconf 78' lang='lat' dir='ltr'>expedi·</span> 
     </span>
     <span class='ocr_line' id='line_1_17' title="bbox 151 2495 1531 2567; baseline 0.001 -26"><span class='ocrx_word' id='word_1_89' title='bbox 151 2495 373 2567; x_wconf 54' lang='lat' dir='ltr'>tionibus</span> <span class='ocrx_word' id='word_1_90' title='bbox 434 2511 613 2542; x_wconf 88' lang='lat' dir='ltr'>eorum</span> <span class='ocrx_word' id='word_1_91' title='bbox 672 2498 1049 2562; x_wconf 81' lang='lat' dir='ltr'>procurationi,</span> <span class='ocrx_word' id='word_1_92' title='bbox 1112 2507 1162 2546; x_wconf 83' lang='lat' dir='ltr'>et</span> <span class='ocrx_word' id='word_1_93' title='bbox 1218 2495 1531 2562; x_wconf 86' lang='lat' dir='ltr'>expeditioni</span> 
     </span>
     <span class='ocr_line' id='line_1_18' title="bbox 152 2575 1530 2652; baseline 0.002 -29"><span class='ocrx_word' id='word_1_94' title='bbox 152 2589 246 2652; x_wconf 75' lang='lat' dir='ltr'>per</span> <span class='ocrx_word' id='word_1_95' title='bbox 280 2591 372 2628; x_wconf 73' lang='lat' dir='ltr'>noc</span> <span class='ocrx_word' id='word_1_96' title='bbox 418 2576 653 2641; x_wconf 84' lang='lat' dir='ltr'>confisis,</span> <span class='ocrx_word' id='word_1_97' title='bbox 713 2587 763 2627; x_wconf 71' lang='lat' dir='ltr'>ct</span> <span class='ocrx_word' id='word_1_98' title='bbox 805 2580 1121 2638; x_wconf 69' lang='lat' dir='ltr'>commissis,</span> <span class='ocrx_word' id='word_1_99' title='bbox 1179 2575 1359 2627; x_wconf 79' lang='lat' dir='ltr'>fideles</span> <span class='ocrx_word' id='word_1_100' title='bbox 1404 2594 1530 2626; x_wconf 72' lang='lat' dir='ltr'>sem:</span> 
     </span>
    </p>
   </div>
  </div>
 </body>
</html>
