1552 2820
521 119 577 135 ..-
686 107 761 152 181
875 122 929 139 ι-

43 202 188 253 nullo
254 199 415 251 modo
469 212 824 270 aggrauentur.
910 199 1183 254 statuimus
1224 206 1415 271 etiam,

47 296 100 333 et
155 281 486 342 ordinamus,
533 284 668 350 quod
717 283 1154 350 quemadmodum
1210 292 1417 354 antiqua

43 364 210 433 Regni
265 370 422 416 nostri
467 364 622 416 habet
654 365 1022 429 Consuetudo,
1072 379 1160 426 vt,
1222 371 1262 417 si
1315 373 1421 418 cui·

37 465 188 514 quam
235 453 287 498 in
324 449 496 510 Villa,
560 450 649 498 vel
696 450 998 501 Possessiue
1056 451 1267 501 alicuius
1314 451 1423 499 Do·

35 533 163 579 mini
209 528 490 581 Terrestris
528 535 872 598 cuiuscunque
922 544 1102 590 status,
1157 532 1421 583 et·condi·

45 611 198 661 tionis
227 623 330 662 tam
358 611 740 663 Ecelesiasticus
763 650 779 675 ‚
819 631 969 679 quam
1010 615 1290 664 Seecularis
1320 617 1419 662 exi-

28 704 144 753 stat,
227 694 455 761 aliqualis
500 695 745 745 inferetur
787 700 1002 758 iniuria,
1052 695 1296 746 damnum
1334 697 1421 746 vel

37 781 264 845 offensa,
301 780 414 829 talis
444 779 649 843 laesus,
686 797 775 830 seu
814 779 1060 838 damnum
1095 795 1272 847 passus
1315 782 1421 846 pri-

36 882 123 913 mo
158 862 226 913 ad
268 863 573 918 Dominum,
619 877 708 909 seu
752 860 979 910 ludicem
1006 861 1142 910 illius
1170 857 1422 909 Possessi-

36 949 145 995 onis
214 941 507 994 accedendo
565 945 804 992 iustitiam
867 944 1130 1011 postulare
1200 955 1420 994 tenetur.

35 1028 142 1077 Etsi
178 1027 294 1075 talis
330 1026 582 1074 Dominus
621 1024 708 1072 vel
742 1023 902 1073 Iudex
939 1026 1033 1075 sibi
1069 1025 1312 1074 Iustitiam
1342 1024 1416 1072 sa-

40 1125 154 1158 cere
205 1109 561 1167 contemserit,
614 1104 682 1154 ad
729 1104 987 1157 Comitem
1037 1092 1417 1156 prouincialem

34 1187 205 1236 valeat
246 1186 543 1254 appellare,
596 1197 646 1236 et
695 1189 736 1235 si
773 1187 958 1235 Comes
1008 1190 1162 1237 etiam
1210 1191 1261 1236 in
1310 1188 1424 1236 red-

37 1263 206 1318 denda
260 1257 457 1317 Iustitia
517 1264 719 1335 tepidus
764 1258 952 1328 fuerit,
1007 1269 1096 1317 vel
1152 1272 1423 1330 remissus,

36 1348 103 1398 ad
147 1359 372 1398 nostram
417 1348 630 1415 Regiam
686 1349 1012 1399 Maiestatem
1054 1351 1216 1417 possit
1265 1353 1420 1400 etiam

41 1430 322 1497 appellare.
394 1430 468 1478 Ita
507 1447 641 1480 nunc
687 1447 906 1495 quoque
955 1430 1236 1495 volumusg
1287 1443 1344 1481 vt
1380 1435 1423 1481 si

38 1513 190 1562 alicui
231 1510 517 1566 Personae,
557 1512 876 1578 regnicolae‚
927 1513 1014 1562 vel
1050 1524 1322 1562 extraneae
1362 1517 1414 1563 in

37 1592 204 1658 aliqua
258 1592 565 1649 Ciuitatum,
632 1592 988 1661 oppidorum,
1054 1606 1104 1643 et
1162 1594 1418 1643 Villarum

38 1674 315 1724 liberarum
389 1684 672 1722 nostrarum
738 1691 831 1740 per
903 1674 1125 1738 aliquem
1195 1676 1417 1723 cuiusuis

38 1755 205 1804 Status
245 1756 455 1811 existat,
493 1763 542 1800 et
575 1752 884 1802 conditionis
932 1755 1168 1818 aliqualis
1206 1756 1418 1810 iniuria,

36 1836 262 1897 offensa,
299 1835 399 1883 ,νεὶ
452 1831 695 1881 damnum
749 1833 937 1883 fuerint
986 1837 1269 1902 irrogatae,
1329 1837 1417 1885 vel

38 1918 205 1973 illata,
261 1927 380 1963 tunc
437 1913 551 1962 talis
591 1913 787 1971 laesus,
825 1931 911 1962 seu
938 1913 1191 1964 >damnum
1234 1933 1418 1983 passus

38 2001 204 2066 primo
242 1997 415 2045 coram
451 1994 624 2044 Iudice
670 1995 806 2044 illius
861 1995 1089 2044 Ciuitatis
1136 2014 1280 2046 suam
1329 1998 1419 2048 de·

37 2081 154 2131 beat
190 2082 423 2146 prosequi
460 2079 739 2140 Iustitiam,
788 2089 838 2126 et
884 2081 921 2125 si
959 2076 1146 2137 Iudex,
1200 2090 1250 2127 et
1284 2080 1418 2128 Iura-

39 2162 76 2208 ti
120 2158 257 2210 illius
299 2159 525 2208 Ciuitatis
563 2162 805 2211 Iustitiam
853 2158 947 2207 sibi
982 2158 1205 2209 debitam
1249 2160 1417 2211 facere

45 2243 424 2300 recusauerim,
487 2242 572 2290 vel
624 2237 863 2290 exhibere
909 2238 1250 2302 distulerint‚>
1295 2254 1416 2292 tunc

43 2325 155 2388 ipse
188 2322 354 2371 laesus
390 2322 476 2371 vel
512 2321 756 2373 damnum
786 2339 964 2390 passus
1004 2321 1070 2372 ad
1105 2324 1415 2390 Magistrum

47 2404 448 2452 Tauernicbrum
493 2415 781 2453 nostrorum
823 2404 1107 2471 appellare,
1140 2387 1223 2472 qui
1259 2411 1298 2456 si
1337 2424 1417 2457 su-

28 2478 140 2547 per
209 2482 506 2532 huiusmodi
580 2485 785 2549 querela
851 2489 1084 2536 iustitiam
1134 2492 1420 2538 ministrare

45 2570 396 2629 contemserit,
445 2578 567 2615 tunc
602 2568 755 2617 liceat
811 2580 1049 2619 annotato
1096 2570 1268 2627 laeso,
1329 2573 1413 2620 vel
