1552 2820
747 139 754 165 ι
1308 133 1382 174 1x

96 268 202 340 sits,
224 267 340 326 „eui
378 284 593 348 nouum
619 269 793 356 istum
836 263 1075 327 Patriae
1114 267 1381 328 Thesau-

99 343 228 436 rnm
268 359 540 438 Benigno
579 378 689 421 suo
729 362 807 420 ad
846 379 939 420 me
979 373 1077 428 8-a
1107 361 1254 427 Iunii
1289 379 1384 420 an-

102 455 161 510 ni
200 458 526 531 praesentis
568 464 727 525 1810.
767 455 893 516 Nro
941 471 1108 532 1343.
1152 457 1395 515 directo

99 546 365 620 Decreto
409 548 723 609 Palatinali
769 554 880 610 sub
923 568 1132 615 curam
1188 563 1251 610 et
1300 555 1388 610 vi·

110 636 414 720 gilantiam
453 644 816 719 recipiendi,
854 647 1186 722 auctoritas
1209 646 1391 703 nomi

99 747 170 798 ne
208 731 406 811 Regni
445 737 814 798 crederetur.

254 823 516 885 Proinde
547 845 717 889 nemo
753 849 868 890 non
900 831 1216 909 intelligit,
1257 849 1389 889 mea

104 917 438 986 interfuisse
488 919 837 997 plurimum,
914 934 980 980 vt
1034 922 1147 980 hae
1191 927 1392 997 opes,

102 1025 251 1082 quae
321 1013 616 1070 internum
670 1016 942 1074 valorem
986 1018 1391 1092 quadraginta

102 1098 259 1174 mille
296 1101 682 1184 Florenornm
716 1109 775 1164 in
806 1111 1002 1182 proba
1031 1120 1265 1180 moneta
1302 1126 1395 1164 su-

104 1205 353 1269 perant,
392 1193 615 1252 Museo
648 1199 928 1260 nationali
968 1203 1195 1278 absque
1238 1204 1396 1259 omni

111 1284 351 1353 defectu
400 1290 871 1367 resignarentur,
933 1303 992 1350 et
1051 1311 1086 1355 a
1143 1311 1234 1350 me
1276 1310 1391 1368 pro

107 1378 390 1448 muneris,
432 1382 528 1443 cui
571 1398 884 1458 praesum,
935 1387 1207 1459 partibus
1243 1388 1395 1441 reci-

108 1481 427 1543 perentur,
484 1489 712 1547 perque
772 1462 1192 1537 Officiolatum
1244 1480 1394 1552 opti-

107 1562 202 1632 'rua
241 1557 362 1629 fide
405 1563 1075 1627 administrarenturmh-
1128 1567 1398 1645 Quapro-

108 1661 244 1725 pter
283 1659 580 1739 numerati
611 1655 807 1730 fuere,
846 1657 1282 1749 diligenterque
1314 1662 1394 1716 in·

112 1721 339 1818 Specti,
391 1756 448 1802 et
488 1748 691 1806 collati
730 1754 993 1810 vniuersi
1043 1755 1221 1813 Numi
1262 1772 1396 1812 cum

110 1835 239 1913 ipsa
273 1836 702 1916 descriptione,
743 1861 892 1919 quae
926 1856 1252 1910 memorato
1292 1847 1404 1903 Ca·

110 1924 315 2001 talogo
337 1923 749 1990 numismatico
770 1935 1223 2014 Sze'chenyiano
1241 1956 1398 1996 com·

110 2018 516 2090 prehenditur.

268 2107 359 2168 Ea
389 2116 704 2172 occasione
737 2119 1113 2179 obseruatum
1155 2133 1270 2196 est,
1311 2126 1396 2182 in·

116 2206 288 2276 opine
340 2207 653 2280 irrepsisse
707 2212 998 2285 quaedam
1038 2217 1397 2276 notabiliora

115 2292 217 2371 T3⁷
223 2297 598 2368 pothetarum
637 2303 696 2359 in
735 2302 1011 2379 Librum,
1061 2320 1120 2365 et
1160 2309 1395 2366 nonnul-

117 2385 174 2463 ia
217 2387 810 2472 Calchographorum
841 2400 900 2457 in
941 2418 1151 2460 aeneas
1193 2401 1391 2462 Tabu-
