1552 2820
80 159 228 227 „sed
260 169 413 231 prout
461 159 515 207 in
557 158 715 213 loco,
762 157 852 208 vbi
903 167 1027 207 tune
1074 157 1159 205 fiet
1201 155 1459 215 venditio,

82 256 394 306 ‚‚teneatnr,
437 255 534 308 pro
570 254 664 288 vsu
692 255 819 287 vero
850 242 1064 307 proprio
1084 236 1331 287 videlicet
1364 253 1463 306 pro

82 327 281 390 „Vanis
330 325 522 378 aureis,
570 331 620 370 et
661 323 941 387 argenteis,
991 332 1040 369 et
1091 318 1352 378 Baltheis‚
1412 318 1465 367 e't

80 395 241 464 „aliie
282 402 347 454 ad
384 403 581 453 cultum
611 401 963 468 spectantibus
1003 391 1372 454 laborandum,
1408 417 1463 447 v-

72 466 227 547 k„nus
277 485 487 549 quisque
538 478 834 538 vendendi,
884 493 934 531 et
986 480 1191 531 emendi
1247 483 1464 531 liberam

0 583 3 590 ’
82 556 315 627 „habeat
356 553 668 614 facultatem„
742 548 793 608 Si
830 565 940 627 quis
974 573 1143 611 autem
1179 562 1311 611 forte
1348 578 1468 610 con·

84 649 345 706 „trarium
383 642 550 693 facere
598 646 988 712 praesumserit,
1038 654 1089 691 et
1137 641 1465 700 vendiderit,

85 742 346 792 „auu-um,
415 732 465 774 et
512 730 809 791 argentum,
868 735 918 772 et
969 735 1144 773 emtor
1193 727 1468 791 pecuniam

86 810 334 868 „amittat
396 798 627 874 protinus
684 808 796 872 ipso
855 804 1018 861 facto,
1082 804 1221 870 quod
1288 820 1469 854 aurum

87 888 221 950 „vel
264 897 563 953 argentum,
615 902 806 950 quaeue
853 889 1086 975 pecunia
1110 887 1259 936 Fisco
1294 897 1468 935 nostro

51 1013 55 1016 .
87 973 276 1036 „regio
320 978 414 1036 pro
454 957 758 1024 medietate,
812 980 860 1016 et
899 985 993 1035 pro
1032 953 1227 1033 reliqua
1269 967 1464 1018 medie-

90 1063 244 1112 „tate
287 1052 595 1106 accusatori,
651 1052 691 1099 si
740 1052 851 1115 quis
905 1061 1170 1098 accusator
1222 1053 1472 1108 extiterit,

91 1129 469 1201 ‚,applicetur,
520 1131 587 1180 ob
633 1130 732 1181 hoc
777 1133 968 1180 etenim
1010 1131 1278 1187 nolumus,
1332 1130 1472 1197 quod

89 1218 408 1280 „qnisquam
434 1210 648 1271 audeat,
689 1211 776 1261 vel
807 1224 1098 1280 praesumat
1134 1229 1346 1269 aurum,
1385 1229 1475 1263 seu

93 1328 133 1360 9,
148 1282 376 1365 lapidem
403 1295 580 1352 illum,
626 1298 678 1344 in
711 1312 810 1359 quo
844 1300 951 1345 auri
994 1300 1080 1348 vel
1115 1299 1313 1361 argenti
1353 1314 1472 1362 quaa

0 1403 46 1443 ;.>
96 1376 256 1436 „litas
303 1369 618 1444 dignoscitur
679 1375 902 1432 habere,
958 1381 1080 1428 item
1138 1397 1302 1445 neque
1369 1379 1474 1430 Te·
1530 1429 1535 1433 ,

96 1470 307 1522 νςῑειτιι,
360 1475 446 1508 seu
495 1461 738 1509 Incunam
787 1477 880 1527 pro
939 1465 1132 1528 argenti
1178 1460 1475 1520 effusione,

97 1575 134 1605 ‚,
172 1543 198 1588 't
247 1532 478 1589 Finantia
527 1550 727 1596 tenere,
787 1545 1012 1608 exceptis
1063 1534 1305 1592 duntaxat
1347 1548 1474 1593 auri-⁴

96 1653 133 1678 „
166 1612 319 1670 ’δι-ῖς.
388 1621 602 1687 Insuper
671 1637 765 1668 nec
823 1620 1117 1688 separandis
1181 1640 1294 1672 cum
1350 1640 1478 1688 aqua

98 1690 329 1769 „aurum
362 1702 425 1750 ab
469 1712 679 1766 argento
722 1712 881 1749 artem
917 1719 1185 1772 exercere,
1224 1707 1317 1752 nisi
1358 1707 1481 1754 illae

99 1783 234 1841 „vel
279 1775 382 1837 illi,
444 1782 625 1844 quibus
672 1779 964 1830 huiusmodi
1015 1781 1198 1832 Officia
1240 1785 1480 1837 duximus

101 1853 439 1929 „specialiter
476 1861 901 1910 committenda.“
973 1864 1029 1911 In
1066 1882 1280 1928 quorum
1319 1875 1479 1922 omni·-

103 1960 220 2001 um,
271 1954 323 1992 et
360 1942 674 2006 singulorum
712 1934 1119 2000 Testimonium,
1175 1950 1483 1997 firmitatem-

106 2040 204 2088 que
268 2035 572 2091 perpetuam
625 2036 914 2089 praesentes
955 2027 1175 2076 Litteras
1224 2030 1486 2099 priuilegi-

108 2110 214 2158 ales
248 2106 553 2175 pendentiS,
617 2116 666 2154 et
702 2096 974 2155 authentici
1014 2116 1131 2158 noui
1190 2111 1355 2177 Sigilli
1396 2115 1483 2162 du-

104 2176 242 2254 plice
276 2190 554 2234 munimine
589 2190 823 2235 iussimus
856 2188 1098 2237 roborari
1171 2193 1356 2241 Datum
1390 2212 1484 2261 per

107 2279 286 2315 manus
332 2259 782 2317 Reuerendissimi
809 2273 859 2318 in
911 2270 1110 2318 Christo
1173 2273 1367 2334 Patris,
1433 2290 1483 2326 et

111 2343 319 2422 Domini
356 2346 564 2398 Domini
590 2340 873 2403 Eheu-hardi
907 2354 1030 2406 Dei
1068 2366 1118 2401 et
1147 2353 1483 2423 Apostolicae

109 2423 445 2495 Sedisgratia
482 2431 723 2499 Episcopi
763 2428 1140 2497 Zagrabiensis5
1196 2441 1356 2487 Aulae
1396 2458 1483 2487 no-

112 2520 244 2561 strae
287 2509 485 2579 Regiae&
504 2511 695 2560 Summi
734 2512 1069 2577 cancellarii,
1120 2524 1271 2568 nostri
1315 2520 1487 2569 dilecti

913 2596 957 2644 N
1001 2606 1028 2648 ,ἑ
