1552 2820
522 147 578 160 -u
693 134 771 179 1⁷5
879 141 937 157 —n

38 245 253 283 mnum,
315 239 367 278 et
409 227 666 295 potiorum
718 223 887 290 Regni
931 224 1090 274 nostri
1136 221 1417 274 Procerum.

40 295 270 381 ipsorum
306 313 456 359 etiam
480 309 793 376 Legatorum
821 306 1038 357 consilio
1065 318 1263 355 matura
1291 322 1412 370 quo-

41 409 139 459 que
195 390 471 461 superinde
522 388 891 441 deliberatione
965 386 1261 456 praehabita
1317 403 1412 455 pro

41 475 212 533 bono,
278 487 327 524 et
362 474 575 543 pacifico
623 483 788 523 statu,
837 470 1161 535 euidentique
1197 469 1416 519 vtilitate

38 560 192 606 totius
235 554 400 624 Regni
435 552 680 621 quasdam
727 551 966 603 Ciuitates
993 567 1271 601 *murorum
1307 567 1412 598 am-

40 638 151 688 bitu
195 625 502 705 cingendas»,
555 634 801 701 quasdam
846 635 1035 685 liberas
1080 633 1280 692 villas,
1322 646 1414 680 seu

41 717 248 787 Oppida
300 716 530 771 Ciuitatis
590 716 785 767 honore
839 714 1218 779 sublimandas‚
1273 730 1415 779 quas·

38 798 160 848 dam
190 797 631 860 consuetudines,
667 815 796 863 quae
829 801 999 866 potius
1031 796 1300 847 abusiones
1336 797 1412 844 vi·

38 879 325 939 debantur,
377 879 691 945 abolendas,
742 879 984 945 quasdam
1031 876 1413 941 moderandas,

36 958 284 1026 quasdam
326 963 379 1009 in
410 962 589 1010 melius
620 960 996 1018 reformandas,
1033 958 1283 1026 quaedam
1325 962 1414 1009 eti·
1469 964 1473 965 ⁷

39 1058 125 1091 am
157 1039 222 1090 de
251 1057 387 1090 nouo
424 1041 687 1092 statuenda
719 1040 1075 1101 decreuimus,
1117 1044 1408 1102 sanximus,

38 1134 89 1172 et
142 1121 524 1180 ordinauimus,
577 1134 730 1192 prout
775 1123 936 1173 infra:
974 1122 1043 1172 ad
1099 1138 1252 1188 quam
1295 1111 1409 1170 ¹rem

34 1222 139 1254 vna
173 1208 513 1273 potissimuur
544 1205 884 1256 consideratio
923 1216 1150 1255 mentem
1181 1216 1409 1253 nostram

33 1276 269 1344 induxit.
312 1287 450 1353 quod
493 1292 757 1339 retroactis
789 1287 1132 1355 temporibus,
1167 1298 1322 1354 prout
1360 1288 1415 1335 in

12 1367 299 1418 .Chronicis
348 1369 529 1435 legitur
579 1370 968 1436 Hungarorum,
1028 1367 1126 1418 hoc
1171 1367 1414 1434 Regnum

33 1459 265 1499 nostrum
316 1453 471 1500 variis
530 1465 682 1517 saepe
750 1448 1110 1512 afflictionibus
1154 1449 1415 1501 interdum

32 1548 129 1599 per
166 1522 437 1593 Bissenos,
475 1529 754 1596 aliquando
798 1547 895 1598 per
942 1526 1227 1586 Tartaros,
1288 1548 1414 1580 non-

16 1612 291 1677 -nunquam
334 1629 429 1680 per
481 1613 609 1664 alios
643 1602 926 1678 Paganos,'
957 1615 1241 1661 nouissime
1287 1628 1415 1659 vero

38 1693 248 1745 Turcos
302 1698 533 1761 irrogatis
590 1692 917 1743 solummodo
966 1693 1033 1741 ob
1099 1705 1417 1742 muratarum

33 1773 313 1824 ciuitatum
333 1811 347 1833 ‚
382 1791 470 1823 seu
497 1773 708 1822 aliarum
738 1775 1078 1821 munitionum
1112 1777 1418 1831 carentiam,

36 1866 89 1903 et
120 1853 377 1905 defectum
397 1893 415 1915 ,
459 1872 573 1905 oum
615 1854 879 1917 hominm,
911 1854 1000 1903 vbi
1029 1872 1113 1916 se,
1148 1855 1294 1906 Bona
1326 1872 1419 1904 sua

35 1933 330 1997 recludere,
381 1951 469 1984 seu
509 1934 758 1984 reducere
800 1946 1044 2002 possent,
1080 1937 1227 1997 Loca
1256 1935 1407 1985 fortia
1446 1960 1451 1966 ·

38 2032 144 2064 non
169 2014 444 2073 haberent,
474 2019 595 2080 quin
627 2019 731 2063 imo
777 2027 959 2064 cuncta
988 2020 1219 2082 exposita
1251 2032 1402 2083 prae·

36 2097 116 2148 dis
154 2098 389 2147 Hostium
434 2100 487 2146 1'n
544 2099 819 2165 propatulo
866 2097 1214 2155 subiacerent,
1267 2101 1416 2148 mise·

31 2177 220 2228 rabiles
293 2176 662 2238 desolationes,
729 2181 1035 2227 tristissimas
1101 2177 1415 2246 populorum

1 2258 370 2321 ,abductiones
388 2295 401 2316 ,
429 2271 478 2308 et
502 2249 818 2326 generaliter*
834 2258 1254 2323 innumerabilia,
1279 2277 1409 2325 *quae

39 2340 227 2392 horror
266 2354 341 2392 est
386 2342 604 2405 referre,
666 2352 716 2390 et
755 2339 1141 2389 inaestimabilia
1206 2342 1415 2407 pertulit

38 2418 355 2476 detrimenta.
427 2421 652 2471 Primum
681 2420 890 2485 quidem
914 2418 1251 2484 quorumdam
1286 2421 1413 2468 Sub-

33 2498 254 2553 ditorum
288 2515 577 2554 nostrorum
626 2502 858 2570 precibus
921 2501 1178 2569 inclinati,
1230 2501 1413 2551 Liber-

41 2591 171 2634 tates
251 2583 415 2635 infra.
445 2581 779 2635 declarandas
833 2585 1122 2646 statuimus,
1178 2581 1315 2649 quod
1361 2584 1412 2642 ἱιι
