1552 2820
74 1045 191 1092 2592.
232 1029 587 1074 RVDOLPHVS
626 1027 841 1074 Monetae
871 1021 1113 1065 Polonicae
1143 1022 1331 1097 modum
1364 1023 1451 1065 ob·

107 1115 112 1119 ·
239 1101 516 1176 seruandum
558 1097 827 1153 praescribit
856 1097 905 1136 in
932 1104 1147 1148 quaestu.

278 1337 702 1389 RVDOLPHVS
740 1338 1093 1390 SECVNDVS
1142 1339 1241 1388 Dei
1277 1337 1458 1386 Gratia

90 1426 279 1474 electus
315 1427 666 1475 Romanorum
702 1418 1017 1494 Imperator,
1054 1441 1257 1492 semper
1288 1423 1461 1490 Augu·

80 1504 241 1562 εως,’
265 1523 327 1556 ac
361 1507 710 1566 Germaniam*
763 1510 1085 1581 Hungarhe,
1138 1504 1457 1560 Bohemiae,

81 1602 179 1640 etc.
215 1589 375 1639 Rex
377 1584 726 1671 prudentes,
779 1605 839 1637 ac
881 1587 1287 1654 circumspecti,
1337 1582 1464 1634 fide-

32 1679 39 1686 '
81 1672 169 1722 les
198 1671 348 1720 nobis
381 1660 574 1719 dilecti.
622 1667 863 1717 Recenti
902 1685 998 1716 vos
1034 1670 1286 1737 memoria
1324 1677 1465 1715 tene·

83 1753 141 1801 're
188 1753 409 1827 benigne
451 1751 788 1817 arbitramur,
825 1765 979 1814 quam
1016 1752 1232 1810 strictis,
1286 1764 1344 1797 ac
1387 1763 1467 1815 se·

85 1837 202 1892 riis,
246 1836 408 1896 iisque
442 1831 764 1898 generalibus
799 1830 1058 1881 Mandatis
1098 1833 1282 1880 nostris
1323 1845 1457 1878 anno

85 1915 253 1966 adhuc
291 1915 567 1995 millesimo
621 1917 1027 1980 quingentesimo
1086 1905 1464 1982 septuagesimo

93 2009 276 2046 octauo
323 2001 461 2046 iuxta
513 1994 742 2062 publicas
797 1994 1025 2045 fidelium
1070 1992 1472 2076 Regnicolarum

93 2091 383 2129 nostrorum
452 2077 870 2127 constitutiones
931 2079 1173 2127 emanatis
1231 2087 1470 2155 monetae

95 2152 374 2243 Polonicae
440 2150 544 2209 non
604 2160 771 2209 solum
829 2159 1011 2226 Regno
1067 2157 1220 2217 huic,
1286 2172 1471 2206 verum

95 2246 247 2292 etiam
302 2243 447 2315 Fisco
485 2253 659 2291 nostro
702 2244 839 2308 regio
890 2239 1171 2290 damnosae
1215 2254 1364 2289 vsum
1403 2235 1475 2286 ad

95 2318 281 2404 ligam,
331 2333 380 2371 et
413 2323 646 2372 valorem
681 2332 916 2371 monetae
949 2323 1305 2387 Hungaricae
1340 2334 1475 2384 quae

97 2407 152 2457 in
190 2406 403 2455 Ciuitate
442 2415 612 2453 nostra
640 2401 923 2453 monetaria
958 2403 1355 2453 Cremnicziensi
1389 2416 1478 2450 cu·

101 2486 269 2550 ditur,
316 2474 585 2554 redigere,
647 2502 704 2534 ac
744 2501 840 2552 per
886 2484 983 2534 hoc
1026 2486 1321 2552 generalem
1366 2485 1475 2530 eius

105 2583 256 2655 Vsum
294 2567 515 2630 tollere,
565 2566 653 2647 vel
699 2583 824 2618 vero
872 2566 1050 2648 saltem
1106 2582 1206 2635 pro
1255 2561 1466 2638 publico
