1552 2820
661 65 715 75 -.
835 48 911 92 188
1020 66 1078 79 0-

150 124 411 205 inspecta‘e
438 154 532 189 nee
560 140 780 207 sigillata
797 176 812 198 ,
841 153 895 192 vt
913 147 1283 211 praemittitur,
1313 145 1509 196 totalite

151 222 473 279 amittantur,
499 233 553 270 *et
579 221 728 272 Fisco
748 221 922 274 nostro
948 224 1128 292 Regali
1152 229 1351 294 penitus
1372 213 1538 294 anpli.

154 312 332 349 eentur
349 342 366 365 ‚
391 302 570 367 quibus
601 305 812 376 quidem
831 306 988 358 Ballis
1007 344 1023 368 ,
1047 325 1120 358 ·ac
1146 308 1254 358 aliis
1268 309 1510 374 quibusui

153 383 470 454 ponderibus
495 393 566 438 sic
584 391 750 456 ligatis
767 428 783 452 ,
802 403 851 442 et
870 396 1177 456 consignatis
1193 431 1208 454 ,
1238 391 1507 458 adlecaqu

155 462 588 532 Tricesimarnm‚
632 484 718 522 aut
749 473 1027 522 eorundem
1061 471 1321 523 Officiales
1353 474 1512 523 talibu

153 547 557 614 Sigilla'tionibus
588 554 743 604 fidem
780 555 977 604 nollent
1013 554 1293 616 adhibere,
1329 554 1420 605 sed
1449 554 1517 604 hu

148 631 371 697 insmodi
407 633 581 684 Ballas
617 635 1000 702 praetenderint
1039 630 1307 702 disligare‚
1351 647 1503 686 extun

155 716 196 762 si
235 729 442 781 curruS‚
494 720 544 764 in
582 717 764 782 quibus
800 718 1015 777 Bassae,
1065 730 1115 768 et
1168 715 1399 786 pondera
1453 716 1539 764 de-

152 794 412 856 seruntur,
455 803 630 864 magni
666 803 860 849 onerati
897 804 948 850 in
983 801 1156 868 vulgo
1190 801 1367 849 ‘Muza
1414 787 1552 872 dicti}

153 879 438 939 extiterint,
491 896 649 928 vnam
685 881 913 931 Marcam
955 882 1095 943 auri,
1157 881 1246 931 vel
1301 880 1382 940 64.
1423 877 1552 958 flers]

95 999 100 1004 .
151 970 237 1008 aut
277 971 534 1010 monetam
572 962 803 1012 eiusdem
843 964 1062 1028 valoris,
1114 967 1155 1013 si
1192 981 1318 1014 vero
1360 978 1509 1013 curru

153 1040 386 1101 medius,
423 1059 512 1091 seu
549 1061 738 1110 paruus
775 1045 938 1106 foret,
976 1057 1096 1096 tunc
1136 1044 1357 1094 mediam
1399 959 1552 1131 Marj

1539 1133 1552 1142 J.

154 1140 300 1186 cam,
347 1137 432 1174 aut
468 1129 723 1180 florenos,
772 1139 856 1175 aut
903 1130 1171 1177 Monetam
1207 1129 1552 1216 aequiualen-q

150 1216 255 1252 tem
290 1202 356 1252 ad
393 1217 650 1255 temonem
682 1211 839 1275 ipsius
878 1226 1065 1258 currus‘
1087 1209 1399 1276 apponendo
1428 1226 1512 1257 eas
1540 1204 1543 1208 ’

152 1284 274 1334 dem
314 1285 519 1350 Banas,
571 1301 620 1337 et
657 1288 892 1352 Pondera
935 1289 1204 1357 disligare‚
1252 1301 1302 1340 et
1336 1215 1552 1432 compi}

153 1383 269 1414 cere
312 1368 521 1427 valeat,
570 1382 719 1435 atque
755 1374 948 1439 possin
1002 1372 1066 1420 Et
1113 1373 1156 1420 si
1191 1373 1243 1420 in
1277 1368 1512 1420 huiusmo

146 1447 207 1496 fii
245 1448 442 1518 ssallis,
497 1469 583 1500 seu
623 1453 954 1503 Ponderibus
981 1458 1176 1504 Aurum
1200 1494 1216 1519 ,
1254 1465 1305 1504 et
1341 1446 1552 1519 Argen-{3

149 1540 293 1589 tum,
344 1532 432 1579 vel
469 1532 598 1582 aliae
636 1550 715 1581 res
752 1534 1041 1600 prohibitae
1085 1551 1187 1582 non
1254 1519 1552 1600 repemina-3

150 1624 258 1670 tur,
296 1627 482 1665 extunc
510 1615 886 1666 Tricesimator
923 1620 1117 1666 amittat
1151 1616 1410 1676 Marcam,
1446 1634 1533 1665 seu

150 1701 425 1764 pecuniam
463 1703 747 1766 appositam
769 1740 784 1763 ,
821 1686 950 1764 quae
997 1700 1218 1747 Domino
1254 1697 1534 1748 earundem

151 1795 353 1838 rerum,
407 1798 496 1829 seu
534 1783 811 1831 Mercatori
852 1782 1075 1831 debeant
1122 1797 1405 1830 remanere.
1479 1781 1530 1830 Si

154 1876 283 1908 vero
339 1861 571 1924 Aurum,
631 1862 944 1929 Argentum,
995 1863 1084 1913 vet
1129 1862 1265 1912 aliae
1302 1871 1381 1911 res
1417 1879 1552 1929 pro-,

151 1940 346 1992 hibitae
381 1957 611 2012 repertae
664 1945 854 1995 fuerint
904 1947 955 1993 in
991 1948 1106 2012 ipso
1148 1960 1324 2004 curru,
1361 1955 1411 1992 et
1452 1946 1529 1990 in-

153 2036 366 2084 uentae,
419 2037 538 2074 tunc
578 2042 681 2074 non
719 2026 886 2075 solum
926 2025 1135 2074 eaedem
1185 2042 1264 2074 res
1310 2023 1552 2091 prohibi·.

154 2117 269 2166 tae,
310 2104 403 2155 sed
438 2105 569 2156 aliae
608 2111 760 2156 etiam
797 2109 1096 2166 vniuersae‚
1136 2116 1183 2154 et
1213 2107 1343 2154 bona
1385 2121 1535 2169 quae·

160 2189 238 2236 uis
283 2191 334 2236 in
377 2192 488 2255 ipso
527 2204 710 2251 curru,
766 2198 814 2236 et
847 2182 991 2235 Balla
1029 2190 1324 2245 existentes,
1368 2196 1418 2232 et
1445 2184 1532 2232 ha-

159 2271 260 2320 bita
297 2272 450 2319 simul
489 2287 604 2320 cum
642 2272 818 2320 Marca
848 2288 935 2320 seu
971 2273 1202 2338 pecuniis
1239 2267 1532 2319 huiusmodi

155 2367 251 2418 per
287 2354 422 2417 ipsos
472 2351 929 2412 Tricesimatores,
982 2363 1065 2401 aut
1106 2367 1280 2399 eorum
1328 2347 1536 2398 Officia·

155 2435 233 2483 les
253 2431 594 2490 aufferantur,
620 2446 670 2483 et
700 2438 1023 2501 recipiantur.
1062 2433 1328 2482 Statuimus
1345 2434 1492 2479 etiam
1516 2466 1532 2490 ,

160 2524 210 2562 et
245 2510 613 2566 deliberatione
656 2514 1014 2582 decreuimus,
1061 2525 1116 2566 vt
1154 2512 1323 2563 nullus
1371 2514 1530 2561 omni-

1548 1435 1552 1442 ι
