1552 2820
1313 144 1386 193 XI

118 286 385 363 primarii
425 284 814 344 Amanuensis
861 301 1075 363 opera,
1125 284 1395 342 defectus

112 378 398 455 ‚expleta
467 379 823 455 corrigenda
882 381 1214 455 corrigere,
1293 379 1393 434 ad-

118 471 316 527 denda
372 474 492 529 suis
548 473 804 530 inserere
873 471 1054 544 locis,
1114 483 1173 528 et
1226 473 1394 528 nouis

114 561 499 627 Documcutis
553 564 891 640 adaugere,
971 583 1174 641 eorum
1241 581 1395 619 cum·

116 657 323 728 primis
363 673 609 732 caussa,
660 659 763 734 qui
819 660 895 715 ab
953 656 1397 715 Excellentissi-

114 764 212 805 mo
254 749 482 807 Comite
525 750 804 828 Catalogi
846 751 1244 809 numismatici
1299 767 1399 807 ex-

115 838 478 914 emplaribus
517 842 724 900 donati
763 854 912 900 sunt.

92 994 98 1005 ,
158 935 162 942 “
270 929 460 1001 Quum
517 937 672 993 enim
729 932 991 992 Scientia
1046 935 1310 991 numaria
1364 951 1395 988 e

116 1039 183 1077 re
230 1040 559 1095 paucorum
601 1029 708 1095 sit,
748 1042 934 1099 neque
979 1026 1247 1082 omnibus
1287 1023 1402 1079 for·

113 1122 282 1187 tuna,
317 1125 375 1170 et
414 1116 824 1189 opportunitas
863 1128 1147 1171 concessa
1187 1115 1401 1171 habea-

113 1215 209 1262 tur
284 1207 451 1278 ipsos
507 1201 735 1263 Numos
791 1206 1070 1280 videndi,
1140 1217 1196 1265 et
1269 1225 1401 1264 exa-

119 1298 412 1369 minandi,
454 1298 563 1353 sed
605 1299 896 1356 duntaxat
927 1298 1133 1356 Libris
1172 1302 1399 1372 vtendi,

115 1398 177 1454 et
216 1392 275 1444 in
315 1391 524 1447 ilsdem
585 1409 904 1468 expressos
953 1392 1277 1450 Numerum
1330 1399 1399 1452 tif

117 1483 666 1563 pos-inspiciendi,
707 1494 988 1561 Vtrosque
1029 1494 1223 1541 tamen
1265 1503 1403 1558 scu,

28 1590 32 1596 ·
115 1580 216 1653 qui
255 1576 460 1635 Numis
502 1578 909 1651 delectantur,
961 1596 1094 1651 seu,
1146 1581 1247 1655 qui
1290 1582 1404 1638 Ar-

114 1678 232 1726 tem
267 1672 590 1727 numariam
618 1670 1003 1745 profitentur,
1040 1674 1420 1746 circumspef

116 1762 243 1817 ctos
282 1759 508 1832 multis,
547 1764 847 1837 variisque
878 1762 952 1817 de
994 1765 1224 1819 caussis
1271 1779 1401 1818 esso

115 1863 429 1926 oporteat,
467 1870 540 1909 ne
582 1852 814 1910 scilicet
849 1851 1032 1911 falsos
1062 1871 1174 1929 pro
1213 1859 1395 1928 νει-15,

79 1945 172 2000 'et
236 1947 507 2019 genuinis
561 1946 853 2021 habeant,
924 1958 1105 2023 vtque
1172 1950 1402 2004 occasi-

27 2047 30 2049 ’
89 2053 324 2106 onem,
377 2046 437 2092 et
491 2048 792 2112 euentum,
846 2043 905 2095 in
959 2036 1139 2097 culus
1182 2057 1397 2096 memo-

114 2130 261 2184 riam
299 2125 605 2185 Numisma
665 2128 909 2205 aliquod
950 2133 1091 2195 cudi
1147 2137 1393 2205 meruit,

117 2231 511 2296 cognoscant,
549 2224 800 2295 pretium
842 2226 1029 2299 ipsius
1063 2224 1242 2282 Numi
1280 2243 1393 2282 non

114 2323 234 2366 tam
292 2329 366 2368 ex
424 2315 709 2387 materia,
782 2333 954 2390 quam
1032 2336 1103 2373 ex
1176 2318 1396 2389 forma,

113 2405 439 2490 symbolis,
465 2408 846 2484 epigraphe,
899 2408 1147 2486 aliisque
1191 2411 1395 2468 adiun-
