1552 2820
565 142 627 174 -·-.’
732 140 815 191 ’μς
925 157 983 172 ...-

71 218 433 304 quadringenti
456 223 661 284 cursum
681 220 902 284 habeant
922 220 1019 302 pro
1043 226 1238 283 floreno
1253 263 1269 288 ‚
1291 233 1453 300 quod-

71 336 174 385 que
225 320 367 370 nulla
413 319 512 368 alia
533 320 747 387 pecunia
784 329 984 385 praeter
1006 315 1148 367 illam
1182 321 1452 367 transitum

68 400 256 471 habeat
299 404 351 450 in
392 398 620 469 praefato
655 399 862 467 Regno:
899 416 1057 464 quam
1105 401 1248 447 sicuti
1285 402 1335 447 in
1373 416 1452 447 ce-

67 482 190 530 teris
228 477 455 531 Cameris
491 479 774 546 regalibus,
829 483 902 530 sic
955 483 1007 529 in
1044 478 1260 529 Camera
1299 480 1451 527 Poso-

66 566 231 612 nicusi
256 561 375 613 cudi
399 562 628 613 fecimus.
694 564 858 630 Igitur
882 563 1302 613 Dominationes‚
1334 563 1449 610 Fra-

65 649 357 703 ternitates,
414 657 466 695 et
514 645 782 716 Amicitias
840 657 1035 695 vestras
1093 643 1450 714 praesentibus

66 731 399 792 requirimus.
431 740 481 776 et
509 728 802 792 hortamur,
833 728 1083 792 vobisque
1114 730 1451 780 comittimuz,

64 820 306 874 quatenus
343 813 711 877 praescriptam
747 814 1021 877 pecuniam
1058 823 1246 858 nouam
1283 810 1333 855 in
1380 805 1452 856 di-

65 903 146 941 cta
187 892 402 943 Camera
449 894 747 943 Posoniensi
793 891 1115 948 cudendam,
1165 903 1216 940 et
1253 891 1449 940 nullam

65 974 220 1022 aliam
262 979 518 1041 antiquam
573 980 625 1024 in
675 977 966 1050 Dominiis‚
1015 974 1450 1027 possessionibus,

63 1066 151 1103 aut
186 1051 476 1105 Honoribus
529 1058 754 1120 vestris,
817 1073 906 1106 seu
934 1058 1017 1130 iu
1069 1053 1245 1106 medio
1294 1047 1450 1102 vestri

63 1148 268 1187 cursum
304 1135 494 1189 habere
531 1134 867 1207 permittatis,
918 1151 974 1191 et
1008 1140 1239 1206 permitti
1277 1135 1447 1188 facere

64 1217 329 1276 debeatis,
366 1220 774 1289 Camerariisque
811 1225 996 1272 nostris
1025 1219 1209 1268 horum
1247 1222 1298 1269 in
1326 1235 1448 1268 con-

62 1306 276 1353 trarium
310 1302 650 1365 facientibus,
689 1312 838 1364 vim,
876 1317 925 1354 et
962 1302 1280 1380 subsidium,
1322 1301 1447 1350 dum

61 1397 181 1434 vos
194 1387 254 1434 ἰιι
285 1384 382 1434 hac
414 1400 563 1456 parte
617 1368 887 1438 habuerint
927 1390 1248 1453 requisitos,
1301 1402 1451 1453 prae·

60 1475 195 1516 stare
234 1468 435 1530 velitiS,
473 1480 524 1518 et
560 1486 768 1531 curare,
804 1481 855 1519 et
890 1467 990 1518 hoc
1022 1466 1190 1519 idem
1196 1471 1248 1517 in
1255 1456 1446 1524 Foris,

59 1558 114 1600 et
147 1548 306 1598 Locis
345 1550 566 1618 publicis
596 1553 772 1620 palam·
808 1531 1009 1609 facere,
1048 1549 1291 1599 v'olumus
1331 1566 1447 1623 pro-

61 1611 331 1682 damari.-
360 1631 423 1681 Et
462 1631 615 1682 aliud
651 1650 756 1683 non
809 1633 1007 1683 facturi.
1083 1620 1448 1688 Praesentibus

58 1713 337 1782 perlectis,
382 1714 642 1765 exhibenti
677 1719 938 1766 restitutis.
1009 1713 1205 1763 Datum'
1250 1717 1302 1762 iu
1336 1712 1445 1761 ‘Ka-

58 1808 186 1841 roan
221 1796 274 1844 in
303 1794 452 1843 Festo
490 1795 626 1846 beati
665 1797 853 1846 Lucae
903 1794 1262 1862 Evangeiistae
1309 1797 1452 1843 anno
1465 1829 1552 1894 1²³

36 1873 272 1935 Domini
312 1875 589 1927 millesimo
634 1876 1180 1946 quadringentesimo
1193 1879 1513 1978 ‘septimo-
1542 1864 1549 1875 ³

58 1956 219 2012 L..s
