1552 2820
482 190 536 204 ···
646 179 702 234 ⁴1

217 363 268 402 et
310 350 468 418 ¹1765.
504 368 619 416 pag.
665 365 783 415 41-9.

221 433 374 482 Num.
403 440 484 492 48.
514 444 564 482 et
593 444 674 498 49.
704 430 793 483 ad·

222 514 316 563 diti
350 525 464 564 sunt

146 589 416 643 Aduena:
453 598 594 645 aurei
627 594 710 646 de.
747 610 794 646 a.

222 677 367 738 1760.
413 676 661 727 FRANc.
712 679 776 728 D.

222 757 289 810 G..
320 755 384 810 R.
428 759 461 806 1.
497 757 543 806 S.
576 761 635 806 A.
674 758 787 819 GE.

213 834 340 888 ΠΒ.
370 838 433 888 Β.
465 840 571 889 LO.
602 839 663 891 Β.
698 836 798 892 M.'

220 921 286 972 H.
301 923 368 971 D.
384 921 623 972 Protome
634 926 791 970 Fran-

222 1004 352 1048 cisci
389 1014 598 1069 pectore
638 1016 786 1052 tenus

221 1082 486 1149 paludati,
561 1083 778 1132 loricam

179 1226 182 1229 ἱ
219 1180 510 1228 squameam
620 1163 787 1214 induti

219 1262 339 1295 cum
371 1260 526 1294 aureo
543 1242 781 1309 Vellere,

212 1330 387 1394 ‚capite
418 1328 661 1376 laureato.
701 1330 781 1375 1η-

208 1410 389 1467 ferius
448 1420 566 1457 sunt
622 1408 782 1459 Litte-

208 1505 313 1538 ηε
339 1491 380 1538 Ι.
413 1491 466 1540 L.
498 1488 606 1538 CL.

150 1576 373 1618 Auersa:
420 1570 609 1637 Aquila
650 1576 780 1623 nim·

217 1651 337 1702 bata
385 1664 650 1711 coronata,
687 1655 783 1703 alis

218 1740 483 1802 expansis,
518 1752 625 1785 vno
640 1736 778 1804 pede

221 1808 489 1881 Sceptrum
511 1851 528 1875 ‚
623 1817 787 1865 altero

221 1912 394 1944 ensem
451 1898 657 1958 tenens,
723 1901 778 1950 in

219 1989 426 2042 pectore
450 1977 643 2028 habens
660 1978 782 2027 Scu-

223 2067 332 2104 tum
372 2069 670 2106 coronatum
706 2076 790 2107 au-

823 266 922 312 Av,
954 267 1049 313 AB.
1087 266 1155 310 ΔΞ.
1185 269 1307 310 Sum.

217 2154 305 2186 reo
326 2138 520 2187 vellere
537 2135 759 2190 cinctum
769 2178 786 2200 ,

224 2225 274 2271 in
296 2238 395 2286 quo
425 2233 541 2271 sunt
560 2223 781 2289 Insignia

227 2300 608 2370 Lotharingiae,
621 2316 671 2353 et
687 2304 797 2353 He·-

225 2385 375 2430 truria
384 2399 427 2431 e.
533 2386 758 2446 Inferius
773 2403 790 2432 t

226 2463 416 2513 LEGE
491 2463 790 2516 VINDICE.

228 2545 344 2614 §.a
373 2545 496 2610 (N.)
510 2548 548 2596 1.
576 2548 653 2596 M.
682 2544 741 2600 F.

60 2650 82 2663 -
157 2653 175 2665 ·
214 2627 368 2678 Aurei
393 2626 459 2679 de
484 2644 617 2679 anno
643 2629 788 2689 1765.
