1552 2820
608 40 663 49 ..-
781 25 858 71 ;78
969 41 1026 52 ..-

118 112 283 162 veluti
338 113 552 163 Nobiles
601 129 664 162 ex
729 113 938 182 speciali
981 113 1159 165 Gratia
1192 117 1351 184 Regia
1386 121 1511 186 ipsis

121 193 340 245 concedi
402 208 665 245 consuetav
722 199 777 245 in
843 213 1023 247 eorum
1099 198 1514 252 Possessionibus

116 282 271 327 etiam
349 278 746 334 malefactores,
816 296 943 345 quos
997 285 1050 330 in
1093 284 1391 350 maleficiiS,
1457 298 1510 337 et

116 360 281 426 culpis
358 358 792 428 deprehendunt,
900 363 1246 415 condemnare
1323 384 1510 435 poena-

117 443 270 503 liter,
304 459 361 491 ac
397 447 579 511 punire
614 444 910 494 facultatem
940 447 1158 498 liberam
1188 447 1507 507 habuerunt,

114 528 186 573 ita
249 535 300 572 et
363 542 456 574 nos
519 529 571 575 in
627 531 878 593 praesenti
941 534 1208 580 sanctione
1269 530 1508 584 duximus

124 605 486 670 statuendum,
536 608 677 677 quod
729 609 794 658 de
845 621 1014 659 cetero
1067 630 1163 680 pro
1211 631 1514 665 conseruan-

119 689 188 740 da
251 708 412 759 pace,
494 709 688 759 proque
750 691 1054 751 ciuitatum,
1144 707 1195 746 et
1252 697 1505 747 Villarum

110 773 339 822 vberiori
388 775 768 838 tranquilitate,
822 792 919 842 pro
969 780 1170 826 viarum
1210 783 1505 837 securitate,

109 870 206 921 pro
285 856 629 902 itinerantium
717 855 1028 917 commodo,
1101 870 1151 908 et
1186 859 1499 910 ‘malefacto-

121 937 262 985 ribus
336 934 668 1001 delinquendi
739 942 952 988 materia
1024 940 1373 1007 subtrahatur,
1446 959 1502 991 o-

106 1036 291 1079 mneS,
362 1030 413 1068 et
461 1021 688 1085 singulae
730 1022 1009 1083 Ciuitates,
1046 1040 1105 1072 ac
1156 1023 1350 1074 liberae
1390 1024 1500 1080 Vil-

107 1099 218 1158 lae,
290 1115 376 1147 seu
424 1096 649 1157 Iudices,
721 1112 771 1150 et
811 1102 961 1153 lurati
1007 1102 1286 1154 earundem
1335 1102 1503 1154 huius-

106 1179 251 1229 modi
293 1179 698 1240 MalefactoreS,
753 1186 837 1246 qui
874 1187 924 1231 in
983 1183 1204 1233 Tenutis
1249 1185 1502 1234 maleficia

104 1274 513 1332 perpetrassent,
582 1265 1020 1328 quemadmodum
1070 1278 1120 1317 et
1166 1266 1382 1322 Nobiles
1427 1283 1491 1316 ex

107 1340 325 1403 Gratia,
378 1347 427 1394 et
471 1346 765 1395 Donatione
820 1351 959 1414 regia
1018 1348 1190 1398 facere
1247 1360 1499 1418 possent,

105 1424 551 1492 quemadmodum
595 1438 646 1475 et
684 1424 868 1477 debitis
914 1429 1165 1496 puniendi
1222 1427 1531 1497 suppliciis„

104 1510 350 1580 plenam,
407 1516 465 1570 et·
492 1505 708 1555 liberam
744 1507 965 1558 habeant
1010 1510 1338 1569 facultatem,
1402 1507 1495 1557 sal·

104 1609 215 1653 HQ,
245 1590 414 1654 siqui
449 1589 522 1635 rei
562 1598 616 1641 ¹et
649 1590 914 1656 suppliciis
950 1585 1093 1656 digni
1122 1607 1167 1639 av
1188 1590 1350 1656 Regia
1382 1590 1499 1641 Ma-

102 1675 268 1723 iestati
293 1670 888 1736 *obtinuissentgratiam
930 1670 1224 1739 superinde.
1296 1670 1382 1721 Sin
1412 1688 1496 1723 au-

35 1792 40 1812 }
103 1765 208 1802 tem
264 1738 555 1813 Palatinus,
621 1750 884 1811 ComiteS,
933 1764 986 1802 et
1039 1755 1194 1818 aliqui
1240 1751 1538 1802 honorem⁶

101 1835 390 1886 Baronatus
421 1834 699 1895 habentes,
739 1853 832 1884 nec
869 1854 973 1885 non
1000 1836 1278 1889 Ciuitatum
1309 1836 1495 1889 Recto=

103 1931 184 1962 res
217 1913 547 1969 ..huiusmodi
603 1916 964 1969 malefactores
1021 1916 1310 1974 extradatos
1356 1934 1494 1973 comf

102 1995 464 2063 prehendere,
514 2009 562 2047 et
620 2004 802 2067 punire
859 2017 961 2048 non
995 2012 1242 2068 possent,
1274 1998 1383 2055 ¹sed
1421 2003 1491 2048 ni-

102 2074 378 2125 hilominus
420 2094 505 2126 eos
546 2078 828 2144 culpabiles
874 2078 1158 2128 iudicando
1203 2077 1492 2145 proscribe-

101 2169 258 2225 rent,
304 2176 370 2207 eo.
408 2176 528 2208 casu
573 2171 839 2209 teneantur
898 2160 1004 2219 illi,
1059 2163 1143 2224 qui
1193 2162 1488 2227 proscripti-

103 2254 259 2286 onem
315 2237 559 2298 fecerint,
646 2242 772 2291 tales
858 2240 1215 2291 Malefactores
1255 2239 1491 2306 proscri-

101 2330 219 2386 ptos
269 2320 825 2386 emitterexludicibUS,
878 2334 927 2371 et
974 2320 1262 2371 Iusticiariis
1318 2320 1484 2386 Regni

100 2404 290 2463 nostri,
343 2412 392 2448 et
425 2403 851 2452 etiamnmnibus
897 2401 1195 2451 ciuitatibus
1239 2398 1481 2448 denunci-

102 2479 225 2540 are,
282 2491 332 2528 et
373 2498 465 2547 per
518 2499 695 2542 eorum
747 2484 965 2556 Litteras
1014 2482 1248 2531 maleficii
1299 2495 1481 2527 eorun-

102 2562 224 2612 dem
275 2565 461 2612 seriem
504 2567 818 2615 continentes
873 2563 1227 2627 manifestare,
1273 2565 1355 2627 qui
1401 2561 1477 2609 Iu·
